2160 3532
235 254 305 309 90
669 254 774 307 DE
823 253 1207 310 AMICITIA
1251 255 1682 311 DIALOGUS.

231 425 522 495 amicitia,
551 426 736 483 etiam
776 426 827 484 si
852 431 924 484 tu
966 447 1100 486 eam
1135 429 1339 487 minus
1380 433 1626 487 secutus
1652 429 1757 486 siS.
1844 429 1999 487 Hac
2043 446 2146 500 nos³

231 528 641 587 adolescentes
685 530 1106 590 benevolentia
1147 553 1321 592 senes
1374 533 1525 603 illos,
1572 532 1641 590 L.
1691 532 2021 603 Paullum,
2064 531 2146 588 M.

235 631 548 701 Catonem,
579 631 647 690 C.
679 633 943 706 Gallum,
992 635 1062 693 P.
1106 635 1409 708 Nasicam,
1442 636 1532 694 Ti.
1578 634 1961 707 Gracchum,
2020 635 2146 694 Sci-3

233 737 428 813 pionis
472 737 668 795 nostri
721 757 1015 809 socerum,
1059 739 1405 798 dileximus.
1488 739 1640 797 Haec
1686 740 1885 797 etiam
1942 740 2146 816 magis}

232 841 436 898 elucet
488 840 654 898 inter
705 843 981 919 aequales,
1036 847 1110 898 ut
1162 842 1327 900 inter
1378 847 1582 920 meet
1638 840 2024 919 Scipionem,
2074 842 2146 898 L„

235 943 508 1014 Furium,
531 945 601 1002 P.
632 945 975 1021 Rupilium,
996 945 1103 1023 Sp.
1130 945 1521 1003 Mummium.
1600 945 1902 1004 Vicissim
1928 952 2131 1004 autem

234 1068 404 1106 senes
455 1049 520 1106 in
572 1049 1051 1107 adolescentium
1106 1050 1369 1108 caritate
1425 1049 1889 1128 acquiescimus,
1946 1055 2028 1108 ut
2076 1050 2127 1106 in

234 1158 457 1222 vestra,
497 1157 572 1209 ut
602 1153 667 1209 in
716 1151 790 1225 Q.
827 1153 1207 1224 Tuberonis;
1253 1153 1536 1229 equidem
1576 1153 1767 1211 etiam
1798 1153 2127 1211 admodum

233 1255 650 1325 adolescentis,
720 1255 789 1313 P.
872 1255 1114 1325 Rutilii,
1180 1254 1257 1314 A.
1340 1256 1661 1333 Virginji„
1700 1257 2124 1315 familiaritate

233 1360 520 1418 delector.
606 1359 1030 1438 Quoniamque
1082 1361 1174 1418 ita
1220 1361 1377 1420 ratio
1430 1367 1785 1440 comparata
1838 1368 1941 1422 est
1994 1364 2124 1421 vitoe

234 1469 596 1544 naturoeque
662 1472 903 1537 nostrae,
971 1471 1046 1524 ut
1112 1467 1236 1525 alia
1300 1472 1449 1525 netas
1516 1469 1754 1526 oriatur
1834 1488 1917 1526 ex
1982 1469 2119 1536 alia;

233 1573 401 1632 maxi
409 1593 500 1632 me
527 1573 775 1652 quidem
802 1571 1139 1647 optandum
1156 1576 1251 1630 est
1277 1576 1366 1641 ut,
1386 1591 1527 1630 cum
1548 1557 1892 1651 ’aequalibus
1921 1573 2119 1650 poesie,

235 1677 600 1755 quibuscum
659 1681 977 1752 tamquam
1031 1695 1065 1732 e
1120 1675 1467 1736 carceribus
1520 1677 1780 1735 emissus
1835 1678 1941 1749 sie,
1996 1697 2119 1736 cum

235 1774 464 1832 eisdem
490 1774 571 1830 ad
598 1774 845 1840 calcem,
875 1776 948 1829 ut
975 1771 1225 1843 dicitur,
1253 1772 1593 1848 pervenire.
1676 1772 1809 1831 Sed·
1839 1774 2117 1852 quoniam

236 1888 332 1926 res
379 1868 662 1925 humanae
715 1866 968 1942 fragiles
1013 1866 1376 1945 caducaeque
1430 1873 1595 1939 sunt,
1650 1888 1893 1945 semper
1946 1867 2116 1945 aliqui

238 1963 601 2041 anquirendi
627 1967 790 2031 sunt,
821 1980 972 2040 quos
1013 1961 1340 2039 diligamus
1366 1967 1431 2021 et
1456 1983 1493 2021 a
1531 1964 1753 2041 quibus
1781 1963 2112 2041 diligamur.

239 2060 512 2119 Caritate
538 2060 699 2117 enim
728 2058 1275 2136 benevolentiaque
1320 2061 1568 2117 sublata
1592 2060 1789 2119 omnis
1820 2067 1917 2120 est
1943 2082 1977 2120 e
2002 2062 2111 2120 vita
2147 2086 2148 2115 ι

237 2157 479 2214 sublata
528 2155 899 2233 jucunditas.
982 2154 1141 2211 Mihi
1190 2154 1439 2231 quidem
1485 2154 1705 2232 Scipio,
1762 2176 2107 2235 quamquam

237 2257 331 2311 est
371 2252 579 2310 subito
621 2256 889 2328 ereptus,
918 2250 1078 2309 vivit
1120 2254 1329 2337 tamen
1356 2270 1714 2329 semperque
1757 2253 1969 2312 vivet·
2010 2253 2103 2309 vir-

236 2354 436 2407 tutem
480 2348 644 2405 enim
693 2347 896 2406 amavi
938 2346 1107 2403 illius
1152 2346 1289 2415 viri,
1332 2367 1467 2424 quoe
1510 2348 1818 2406 exstincta
1858 2368 1979 2407 non
2020 2352 2103 2406 est.

238 2446 366 2503 Nec
393 2446 546 2503 mihi
575 2445 690 2503 soli
716 2449 1003 2504 versatur
1030 2449 1174 2501 ante
1203 2444 1423 2515 oculos,
1453 2445 1558 2522 qui
1586 2445 1760 2502 illam
1788 2465 2031 2553 semper
2062 2446 2141 2501 in
2147 2430 2148 2435 ἵ

237 2541 518 2599 manibus
546 2540 752 2611 habui,
783 2540 1107 2597 sedetiam
1135 2539 1394 2615 posteris
1421 2540 1541 2597 erit
1567 2540 1733 2597 clara
1761 2544 1827 2598 et
1854 2540 2107 2618 insignis.
2146 2528 2148 2589 s

238 2637 432 2695 Nemo
460 2656 751 2715 umquam
779 2636 982 2693 animo
1009 2640 1122 2693 aut
1163 2655 1269 2712 spe
1292 2636 1529 2713 majora
1554 2635 1866 2712 suscipiet,
1892 2638 1999 2715 qui
2021 2635 2111 2695 sibi

237 2752 360 2790 non
411 2732 580 2791 illius
633 2732 991 2790 memoriam
1059 2730 1245 2809 atque
1298 2732 1627 2809 imaginem
1683 2733 2111 2809 proponendam

237 2832 436 2905 putet.
518 2828 819 2905 Equidem
848 2848 924 2885 ex
951 2828 1233 2885 omnibus
1260 2828 1461 2897 rebuS,
1490 2846 1641 2905 quas
1680 2827 1836 2885 mihi
1870 2833 1982 2887 aut
2015 2830 2111 2885 for-

239 2929 396 2981 tuna
423 2929 535 2981 aut
560 2928 787 2981 natura
810 2922 1053 2993 tribuit,
1084 2923 1240 2979 nihil
1266 2923 1477 2993 habeO,
1507 2923 1671 3001 quod
1696 2942 1842 2981 cum
1871 2925 2113 2984 amicitia

243 3018 540 3094 Scipionis
569 3019 796 3094 possim
823 3037 1195 3094 comparare.
1276 3018 1354 3075 In
1389 3018 1506 3076 hac
1546 3018 1699 3075 mihi
1726 3020 1802 3077 de
1828 3021 2113 3098 republica

242 3134 590 3185 consensuS,
611 3115 676 3172 in
701 3114 818 3172 hac
844 3134 1050 3171 rerum
1076 3114 1464 3191 privatarum
1491 3115 1830 3189 consilium,
1850 3117 1917 3175 in
1936 3118 2115 3176 eadem
