2160 3532
217 253 288 310 30
647 249 754 304 DE
801 249 1190 328 AMICITIA
1222 244 1604 308 'DIALOGU
1614 250 1671 306 S.

219 421 401 481 Amor
423 421 607 492 enim,
633 441 713 480 ex
739 442 859 500 quo
887 422 1161 480 micitia
1194 423 1531 496 nominata,
1559 425 1849 501 princeps
1899 430 2000 484 est
2042 425 2101 482 ad

224 515 706 576 benevolentiam
745 520 1259 598 conjungendam.
1341 519 1506 578 Nam
1532 521 1837 580 utilitates
1864 523 2101 600 quidem

219 612 407 670 etiam
433 613 511 672 ab
537 615 614 672 iis
639 614 1069 692 percipiuntur
1095 635 1273 692 saepe,
1292 617 1401 694 qui
1416 616 1806 675 simulatione
1822 617 2101 677 amicitiae

219 709 510 767 coluntur
551 715 616 768 et
659 711 1063 770 observantur
1109 713 1405 789 temporis
1448 731 1651 790 causa.
1734 712 1814 770 In
1840 714 2103 772 amicitia

219 808 428 864 autem
454 805 612 887 nihil
651 806 882 877 fictum,
911 807 1068 864 nibil
1104 807 1507 879 simulatum3
1550 812 1633 879 et,
1663 809 1973 891 quidquid
2002 815 2102 879 est,

218 899 278 958 id
329 920 548 964 verum
601 905 696 960 est
738 906 804 960 et
849 903 1290 962 voluntarium.
1373 903 1763 982 Quapropter
1803 924 1843 962 a
1885 909 2105 963 natura

218 996 370 1054 mihi
407 997 656 1056 videtur
699 999 926 1075 potius,
953 1019 1141 1077 quam
1168 1000 1248 1058 ab
1275 1000 1620 1076 indigentia
1646 1005 1784 1059 orta
1810 1000 2104 1070 amicitia,

218 1092 629 1169 applicatione
665 1094 863 1169 magis
903 1095 1093 1153 animi
1133 1097 1574 1175 cum‘quodam
1609 1114 1795 1153 sensu
1836 1097 2104 1166 amandi,

218 1207 404 1266 quam
457 1190 847 1265 cogitatione,
900 1195 1202 1268 quantum
1253 1191 1362 1250 illa
1420 1211 1519 1250 res
1584 1191 1881 1250 utilitatis
1951 1197 2105 1251 esset

218 1283 528 1344 habitura.
611 1285 788 1359 Quod
816 1286 1063 1363 quidem
1092 1287 1270 1364 quale
1296 1287 1395 1357 sit,
1426 1287 1615 1344 etiam
1642 1286 1708 1344 in
1733 1286 1954 1346 bestiis
1984 1289 2104 1366 qui-

216 1380 479 1439 busdam
519 1382 926 1440 animadverti
964 1386 1183 1460 potest,
1213 1402 1349 1459 quae
1375 1401 1451 1439 ex
1476 1401 1540 1440 se
1566 1388 1748 1441 natos
1774 1383 1869 1441 ita
1894 1389 2106 1442 amant

218 1477 299 1534 ad
341 1478 648 1555 quoddam
691 1481 954 1555 tempu3‚
983 1483 1048 1536 et
1090 1477 1168 1535 ab
1204 1478 1298 1536 eis
1340 1477 1431 1536 ita
1473 1482 1782 1549 aman-tur,
1810 1483 1884 1536 ut
1928 1480 2107 1538 facile

219 1593 430 1632 earum
478 1593 690 1632 sensus
733 1578 1050 1651 appareat.
1134 1573 1314 1647 Quod
1360 1575 1428 1635 in
1482 1574 1725 1632 homine
1768 1574 1970 1632 multo
2024 1583 2106 1633 est

219 1670 598 1729 evidentius:
641 1671 910 1747 primum
937 1689 1014 1727 ex
1041 1689 1114 1728 ea
1137 1670 1415 1741 caritate,
1444 1691 1580 1748 quae
1608 1674 1703 1728 est
1729 1670 1894 1729 inter
1932 1677 2106 1728 natos

217 1768 282 1823 et
335 1770 638 1842 parenteS,
685 1784 819 1842 quae
874 1763 1083 1821 dirimi
1124 1764 1247 1824 nisi
1300 1764 1652 1823 detestabili
1704 1765 1932 1823 scelere
1986 1787 2105 1825 non

215 1864 455 1937 potest3
498 1860 736 1931 deinde,
763 1881 955 1939 quum
982 1862 1200 1919 similis
1246 1880 1460 1920 sensus
1501 1861 1745 1919 exstitit
1784 1862 2035 1933 amm-ie,
2066 1863 2103 1920 si

217 1956 482 2033 aliquem
533 1956 703 2014 nacti
753 1976 982 2027 sumus,
1026 1958 1205 2033 cujus
1250 1975 1393 2015 cum
1439 1956 1712 2014 moribus
1765 1960 1828 2013 et
1882 1960 2105 2015 natura

215 2070 640 2129 congruamus,
688 2050 852 2128 quod
902 2051 970 2107 in
1012 2070 1083 2109 eo
1127 2050 1303 2129 quasi
1355 2051 1565 2109 lumen
1604 2051 1852 2127 aliquod
1903 2053 2101 2127 probi-

215 2148 361 2207 tatis
401 2152 465 2206 et
505 2146 760 2205 virtutis
797 2146 1143 2223 perspicere
1178 2146 1515 2205 videamur.
1596 2146 1768 2204 Nihil
1810 2151 1904 2204 est
1944 2149 2103 2205 enim

105 2324 114 2333 ι
215 2244 537 2303 amabilius
565 2243 834 2313 virtute3
873 2242 1030 2299 nihil
1057 2242 1220 2320 quod
1252 2243 1449 2319 magis
1482 2244 1717 2302 alliciat
1742 2242 1821 2300 ad
1847 2242 2101 2320 diligen·

217 2342 399 2399 dum:
453 2339 678 2417 quippe
722 2359 932 2416 quum,
974 2343 1227 2416 propter
1266 2340 1566 2396 virtutem
1609 2344 1673 2397 et
1714 2340 2102 2417 probitatem,

221 2455 314 2493 eos
357 2435 556 2504 etiam,
584 2453 737 2511 quos
781 2454 1120 2513 numquam
1146 2435 1431 2505 vidimus,
1461 2434 1723 2512 quodam
1760 2436 1941 2494 modo
1970 2437 2101 2494 dili-

213 2552 448 2608 gamus.
533 2530 685 2605 Quis
730 2536 839 2600 est,
881 2531 986 2609 qui
1028 2530 1097 2590 O.
1126 2530 1410 2601 Fabricii,
1452 2530 1559 2589 Μ’.
1591 2531 1765 2591 Curii
1805 2552 1931 2590 non
1965 2554 2103 2592 cum

215 2626 476 2693 caritate
531 2626 738 2703 aliqua
804 2630 867 2683 et
931 2625 1361 2685 benevolentia
1417 2627 1775 2685 memoriam
1833 2636 2103 2705 usurpet,

215 2742 366 2801 quos
423 2742 758 2800 numquam
813 2721 1041 2780 viderit
1063 2720 1094 2780 Ρ
1172 2722 1327 2796 Quis
1380 2728 1591 2781 autem
1642 2728 1753 2792 est,
1801 2723 1907 2800 qui
1960 2724 2103 2783 Tar-

215 2818 499 2895 quinium
539 2816 906 2895 Superbum,
936 2817 1044 2894 qui
1080 2816 1185 2894 Sp.
1218 2817 1514 2888 Cassium,
1546 2818 1649 2895 Sp.
1672 2818 1943 2877 Maelium
1984 2840 2103 2878 non

167 2984 169 2987 Α
214 2914 416 2972 oderit
439 2911 468 2971 Ρ
552 2912 710 2972 Cum
738 2914 976 2971 duobus
1003 2913 1263 2976 ducibus
1292 2916 1366 2973 de
1407 2914 1664 2991 imperio
1700 2915 1767 2971 in
1794 2913 1980 2972 Italia
2007 2917 2101 2974 de-

214 3014 519 3068 certatum
561 3015 673 3082 est,
703 3009 945 3085 Pyrrho
973 3014 1035 3069 et
1069 3010 1461 3069 Hannibale:
1505 3010 1585 3067 ab
1624 3010 1818 3067 altero
1854 3016 2103 3087 propter

216 3104 584 3181 probitatem
627 3105 764 3182 ejus
809 3125 934 3171 non
986 3105 1167 3163 nimis
1219 3104 1447 3163 alienos
1501 3104 1736 3161 animos
1790 3104 2099 3176 habemus,
