2160 3532
269 289 340 344 38
701 292 808 345 DE
853 290 1240 347 AMICITIA
1288 292 1723 363 DIALQGUS.

271 462 724 521 familiaritates
777 464 1055 540 extingui
1108 466 1319 535 solere,
1375 466 1483 523 sed
1536 465 1724 523 etiam
1782 463 1926 523 odia
1994 460 2117 541 gigm

272 568 658 644 sempiterna.
769 567 918 627 Haec
969 569 1062 627 ita
1112 568 1331 640 multa,
1384 570 1559 645 quasi
1611 568 1763 640 fata,
1809 568 2117 644 impendere

273 672 578 744 amicitiis,
612 677 687 730 ut
730 673 935 731 omnia
973 673 1401 750 subterfugere
1439 693 1563 731 non
1601 673 1781 731 modo
1824 670 2117 750 sapientia

272 776 379 834 sed
408 777 592 834 etiam
619 776 934 835 felicitatis
961 778 1193 836 diceret
1219 778 1340 836 sibi
1365 778 1581 837 videri.

351 880 961 956 XI.—Quamobrem
1013 882 1080 939 id
1133 884 1405 960 primum
1444 883 1777 953 videamus,
1832 882 1888 941 si
1940 883 2117 960 placet

273 989 582 1061 quatenus
609 1004 783 1043 amor
820 986 886 1042 in
925 986 1200 1044 amicitia
1241 986 1531 1063 progredi
1577 987 1853 1045 debeat*
1898 982 2117 1055 Numa?

278 1089 634 1149 Coriolanus
675 1090 895 1147 habuit
941 1090 1185 1159 amicos,
1214 1089 1378 1147 ferre
1421 1095 1640 1148 contra
1680 1089 1955 1167 patriam
2001 1104 2117 1147 arma

275 1194 368 1253 illi
393 1213 535 1252 cum
564 1192 882 1252 Coriolano
924 1193 1187 1252 debuere
1207 1191 1237 1251 Ρ
1317 1193 1487 1251 Num
1514 1193 1926 1252 Viscellinum
1965 1190 2117 1259 amici

277 1318 537 1375 regnum
602 1301 1015 1413 appetentem,
1086 1318 1238 1355 num
1307 1296 1410 1374 Sp.
1479 1297 1754 1356 Maelium
1820 1297 2117 1356 debueruni

276 1610 654 1669 videbamus.
735 1607 824 1665 At
865 1607 934 1666 O.
976 1607 1250 1665 Blossius
1296 1607 1627 1678 CumanuS,
1654 1608 1872 1685 hospes
1918 1607 2098 1667 famil‘

277 1717 515 1785 vestrae,
560 1711 851 1783 Scoevola,
891 1731 1083 1790 quum
1123 1710 1203 1770 ad
1242 1730 1361 1783 me,
1389 1712 1494 1791 qui
1536 1712 1782 1796 aderam
1830 1711 2067 1773 Laenati

279 1810 526 1888 Rupilio
578 1809 933 1868 consulibus
978 1809 1045 1865 in
1100 1809 1371 1880 consili0,
1421 1808 1820 1885 deprecatum
1873 1811 2078 1867 veniss

278 1906 454 1978 hanc,
485 1909 556 1962 ut
597 1905 713 1962 sibi
753 1905 1147 1980 ignoscerem,
1178 1923 1426 1963 causam
1470 1905 1781 1975 afferebat,
1810 1906 1981 1982 quod
2011 1911 2097 1963 tan

282 2003 372 2061 Ti.
432 2000 782 2061 Gracchum
835 2000 1103 2070 fecisset,
1151 2004 1242 2071 ut,
1282 2000 1583 2081 quidquid
1635 2001 1740 2062 ille
1792 1987 2003 2072 vellet,
2056 2001 2091 2058 si

279 2097 632 2156 faciendum
673 2100 944 2173 putaret.
1028 2095 1188 2152 Tum
1214 2115 1347 2172 eg0,
1376 2097 1675 2164 Etiamne,
1704 2096 1759 2154 si
1800 2102 1856 2154 te
1899 2097 1971 2154 in
2005 2097 2093 2170 Ca}

280 2195 480 2254 tolium
507 2195 673 2268 faces
699 2193 864 2268 ferre
909 2192 1131 2250 vellet?
1212 2193 1627 2270 “Numquam
1658 2192 1876 2269 inquit,
1908 2194 2093 2251 voluis

279 2289 347 2347 id
392 2287 686 2365 quidem.’'
785 2286 905 2347 Sed
947 2287 1003 2346 si
1035 2287 1321 2357 voluisset,
1370 2288 1767 2364 “paruissem.
1775 2286 1809 2310 ''
1906 2287 2097 2346 Vide

279 2404 464 2464 quam
489 2384 728 2443 nefaria
753 2404 892 2442 vox.
975 2384 1060 2441 Et
1088 2383 1289 2442 hercle
1315 2384 1407 2442 ita
1432 2384 1618 2454 fecit3
1658 2383 1757 2441 vel
1796 2385 1942 2460 plus
1971 2386 2083 2442 etia

279 2501 467 2559 quam
485 2480 670 2538 dixit:
701 2500 826 2537 non
855 2480 1021 2537 enim
1046 2479 1257 2556 paruit
1280 2478 1387 2536 ille
1416 2478 1507 2537 Ti.
1535 2477 1797 2537 Gracchi
1816 2481 2040 2537 temeri

280 2577 388 2635 sed
415 2575 704 2652 praefuit3
745 2593 858 2632 nec
885 2594 949 2632 se
989 2574 1279 2631 comitem
1319 2573 1487 2632 illius
1525 2574 1773 2643 furoriS,
1803 2574 1912 2632 sed
1958 2576 2075 2632 duc

279 2671 562 2748 praebuit.
643 2669 862 2747 Itaque
888 2670 1002 2727 hac
1044 2669 1333 2740 amentia,
1364 2670 1699 2746 quaestione
1740 2688 1901 2728 nova
1942 2677 2077 2748 pert

282 2767 457 2837 ritus,
485 2766 552 2822 in
591 2765 802 2824 Asiam
846 2765 1144 2842 profugit,
1174 2765 1255 2822 ad
1294 2764 1499 2823 hostes
1538 2783 1603 2822 se
1650 2765 1935 2836 contulit,
1966 2788 2064 2843 poe

281 2860 632 2938 reipublicae
658 2879 878 2936 graves
902 2861 1219 2937 justasque
1248 2861 1563 2938 persolvit.
1643 2858 1834 2917 Nulla
1860 2867 1961 2919 est
1988 2863 2071 2938 igi

284 2957 598 3017 excusatio
650 2956 906 3032 peccati,
956 2957 1010 3013 si
1061 2956 1245 3013 amici
1300 2975 1485 3014 causa
1523 2956 1887 3032 peccaveris.
1998 2959 2085 3016 Na

285 3072 475 3131 quum
517 3051 901 3112 conciliatrix
941 3051 1228 3110 amicitiae
1267 3051 1526 3109 virtutis
1565 3051 1773 3127 opinio
1812 3051 2029 3126 fuerit,

285 3147 445 3206 ficile
497 3152 591 3205 est
657 3145 994 3204 amicitiam
1046 3164 1315 3217 manere,
1367 3146 1420 3203 si
1473 3166 1512 3204 a
1564 3147 1802 3205 virtute
1861 3148 2071 3207 defece
