2160 3532
221 242 292 296 26
656 241 763 295 DE
813 240 1200 296 AMICITIA
1248 238 1680 296 DIALOGU'S.

227 413 526 488 Quocirca
552 420 616 472 et
643 414 926 472 absentes
973 413 1204 472 adsunt
1250 419 1315 472 et
1358 419 1609 492 egentes
1650 414 2113 472 abundant——et

225 516 516 576 imbecilli
561 517 793 588 valent,
835 521 917 590 et,
965 516 1131 596 quod
1174 515 1479 575 difficilius
1519 516 1695 576 dictu
1736 521 1852 588 est,
1895 517 2115 574 mortui

225 619 485 678 vivunt:
526 623 742 678 tantus
785 639 888 679 eos
934 619 1144 692 honos,
1192 618 1505 691 memoria,
1553 603 1951 678 desiderium.
1994 639 2112 696 pro-

227 722 504 802 sequitur
521 724 876 783 amicorum.
944 725 1043 782 Ex
1057 743 1181 802 quo
1197 724 1448 783 illorum
1463 725 1647 783 beata
1662 743 1830 783 mors
1850 723 2113 785 videtur,

225 827 450 886 horum
493 829 628 887 vita
671 827 1019 888 laudabilis.
1104 827 1301 903 Quod
1326 827 1383 887 si
1427 828 1725 887 exemeris
1774 848 1851 886 ex
1896 833 2113 887 natura

225 951 434 992 rernm
486 931 956 1003 benevolentiis,
994 932 1511 1010 conjunctionem,
1565 952 1680 990 nec
1728 931 1956 991 domus
2006 933 2115 990 ulla

227 1055 338 1094 nec
377 1035 528 1094 urbs
568 1039 734 1093 stare
773 1033 1039 1119 poterit3
1084 1053 1163 1092 ne
1191 1035 1326 1112 agri
1362 1034 1611 1112 quidem
1637 1035 1843 1094 cultus
1884 1055 2115 1112 permar

229 1138 419 1198 nebit.
500 1138 578 1196 Id
617 1138 671 1196 si
722 1139 926 1199 minus
965 1137 1360 1216 intelligitur,
1404 1143 1638 1215 quanta
1685 1138 1783 1198 vis
1834 1138 2118 1198 amicitiae

229 1244 682 1330 concordiusque
750 1244 850 1314 sit,
905 1263 981 1302 ex
1021 1241 1507 1303 dissensionibus
1560 1248 1747 1320 atque
1799 1241 2119 1302 discordiis

231 1348 463 1427 percipi
515 1338 738 1426 potest.
823 1346 974 1421 Quae
1027 1347 1194 1406 enim
1236 1347 1455 1406 domus
1502 1351 1637 1406 tam
1682 1347 1947 1418 stabilis,
1998 1369 2119 1425 quae

231 1458 363 1512 tam
405 1455 582 1512 firma
623 1452 846 1511 civitas
900 1457 1012 1522 est,
1059 1469 1196 1530 quse
1246 1470 1371 1510 non
1418 1451 1576 1511 odiis
1622 1455 1808 1530 atque
1855 1451 2119 1511 dissidiis

230 1556 518 1615 funditus
544 1555 739 1634 possit
765 1554 961 1614 everti
979 1551 1010 1612 P
1092 1554 1191 1612 Ex
1230 1573 1369 1631 quo,
1396 1559 1703 1632 quantum
1742 1554 1892 1613 boni
1933 1557 2025 1614 sit
2069 1557 2119 1614 in

231 1659 521 1733 amicitia,
538 1659 800 1737 judicari
814 1662 1036 1736 potest.
1106 1657 1585 1736 Agrigentinum
1603 1658 1850 1736 quidem
1870 1659 2071 1718 doctu

231 1764 558 1844 quemdam
583 1762 787 1821 virum
812 1761 1183 1821 carminibus
1207 1760 1437 1822 Graeois
1457 1762 1868 1822 vaticinatum
1889 1763 2117 1833 ferunt,

233 1888 369 1947 quoe
393 1868 460 1925 in
475 1884 686 1924 rerum
701 1869 928 1924 natura
952 1869 1208 1944 totoque
1228 1866 1457 1924 mundo
1477 1870 1851 1937 constarent,
1868 1887 2117 1945 quaeque

233 1975 645 2041 moverentur,
699 1988 771 2028 ea
821 1969 1185 2028 contrahere
1238 1970 1595 2042 amicitiam,
1650 1970 1946 2048 dissipare
2010 1973 2115 2031 dis·

234 2075 521 2135 cordiam.
600 2073 808 2151 Atque
834 2072 948 2131 hoc
975 2074 1223 2151 quidem
1250 2090 1459 2133 omnes
1490 2076 1779 2133 mortales
1808 2079 1873 2133 et
1898 2075 2115 2135 intelli·

233 2183 394 2257 gunt
420 2184 484 2238 et
509 2198 577 2237 re
604 2178 890 2256 probant.
973 2176 1210 2255 Itaque,
1239 2177 1292 2236 si
1317 2178 1564 2254 quando
1590 2179 1837 2257 aliquod
1862 2180 2115 2239 officium

237 2283 481 2343 exstitit
507 2282 689 2340 amici
716 2282 783 2339 in
821 2280 1111 2358 periculis
1151 2285 1263 2339 aut
1304 2281 1599 2341 adeundis
1638 2287 1750 2340 aut
1790 2286 2115 2343 communi·

236 2386 463 2457 candiS,
490 2384 626 2464 quis
657 2389 769 2457 est,
797 2384 906 2462 qui
931 2383 999 2442 id
1037 2404 1163 2444 non
1200 2385 1483 2444 ‘maximis
1526 2384 1747 2444 efferat
1788 2386 2115 2447 laudibus?

239 2490 359 2565 Qui
383 2492 676 2549 clamores
703 2493 838 2546 tota
864 2507 1052 2546 cavea
1077 2508 1279 2565 nuper
1305 2489 1372 2546 in
1398 2489 1657 2566 hospitis
1686 2494 1750 2547 et
1776 2491 1954 2548 amici
1985 2495 2114 2562 mei,

237 2595 325 2653 M.
374 2592 648 2664 Pacuvii,
693 2610 853 2649 nova
895 2590 1149 2650 fabula!
1194 2612 1405 2670 quum,
1430 2592 1750 2669 ignorante
1792 2613 1954 2669 rege,
1985 2602 2117 2655 uter

238 2702 398 2757 esset
426 2695 693 2765 Orestes,
722 2692 986 2770 Pylades
1029 2693 1314 2753 Orestem
1350 2714 1415 2754 se
1458 2715 1592 2755 esse
1611 2676 1881 2769 'dicei-et,
1909 2702 1983 2755 ut
2012 2720 2113 2777 pro

238 2803 346 2861 illo
372 2804 729 2869 necaretur3
773 2796 1022 2856 Orestes
1065 2802 1294 2870 autem,
1320 2799 1411 2857 ita
1448 2804 1523 2857 ut
1549 2786 1703 2871 erat,
1734 2800 2017 2860 Orestem
2058 2825 2113 2863 se

241 2925 370 2964 esse
415 2904 856 2981 perseveraret.
967 2900 1222 2960 Stantes
1274 2902 1655 2979 plaudebant
1705 2903 1769 2961 in
1828 2922 1895 2961 re
1944 2903 2109 2965 ficta:

242 3008 394 3087 quid
450 3006 833 3065 'arbitramur
901 3002 970 3061 in
1021 3023 1172 3063 vera
1230 3004 1506 3063 facturos
1574 3005 1766 3064 fuisse
1786 3003 1817 3064 P
1918 3007 2111 3069 Facile

241 3103 552 3164 indicabat
621 3099 757 3176 ipsa
828 3102 1052 3157 natura
1122 3100 1251 3158 vim
1320 3118 1511 3171 suam,
1572 3120 1762 3178 quum
1835 3101 2111 3185 homines,
