2160 3532
200 193 271 248 88
633 193 740 248 DE
789 192 1178 249 AMICITIA
1219 193 1651 250 DIALOGUS.

202 364 423 421 callida
449 365 855 422 assentatione
871 366 1215 442 capiantur.
1244 420 1250 425 ,
1296 367 1529 442 Aperte
1546 365 1713 422 enim
1742 363 2123 422 adulantem

201 487 380 527 nemo
405 487 530 525 non
556 469 745 540 videt,
773 470 893 528 nisi
937 471 1044 545 qui
1070 470 1401 528 admodum
1428 473 1521 528 est
1548 488 1799 526 excors:
1844 465 2121 525 callidus

201 573 306 630 ille
347 576 410 631 et
449 573 728 631 occultus
767 594 845 632 ne
871 593 936 632 se
975 574 1262 644 insinuet,
1292 573 1560 632 studiose
1599 572 1963 631 cavendum
2008 571 2117 626 est.

202 678 333 735 Nec
360 677 525 760 enim
550 677 846 736 facillime
873 677 1245 753 agnoscitur,
1278 677 1503 756 quippe
1531 677 1639 754 qui
1668 677 1860 734 etiam
1885 673 2115 732 adver-

201 781 580 860 ,sand0,saepe
598 785 966 852 assentetur,
980 785 1042 838 et
1058 781 1307 857 litigare
1326 801 1389 839 se
1406 781 1701 838 simulans
1718 777 2111 841 blandiatur,

204 890 391 961 atque
417 886 496 943 ad
521 889 869 943 extremum
910 885 1016 943 det
1041 903 1261 942 manus
1286 884 1571 960 vincique
1612 903 1676 943 se
1703 883 2015 961 patiatur,
2042 883 2109 934 ut

203 989 277 1060 is,
320 990 427 1067 qui
465 990 686 1048 illusus
727 990 825 1059 sit,
855 989 996 1066 plus
1037 989 1264 1048 vidisse
1305 989 1603 1048 videatur.
1688 987 1857 1060 Quid
1895 989 2105 1045 autem

206 1093 452 1170 turpius
478 1113 664 1169 quam
691 1092 872 1150 illudi
893 1090 923 1150 Ρ
1007 1090 1187 1164 Quod
1214 1111 1292 1150 ne
1334 1091 1586 1161 accidat,
1616 1091 1957 1149 cavendum
1990 1092 2099 1154 est,

205 1203 279 1255 ut
304 1198 372 1255 in
400 1198 720 1275 Epiclero:

528 1307 698 1373 Hodie
721 1338 806 1372 me
829 1326 948 1372 ante
972 1337 1153 1372 omnes
1175 1323 1401 1373 comicos
1424 1323 1615 1373 stultos
1638 1337 1789 1374 senes

532 1400 764 1450 Vei-saris
788 1404 944 1462 atque
970 1402 1267 1451 emunxeris
1288 1400 1593 1451 lautissime.

185 1513 360 1587 'Hoec
413 1528 576 1586 enim
629 1527 816 1585 etiam
868 1527 933 1583 in
993 1526 1221 1584 fabulis
1274 1527 1642 1586 stultissima
1694 1546 1957 1604 persona
2002 1531 2092 1584 est

206 1624 687 1703 improvidorum
728 1627 790 1680 et
830 1622 1218 1680 credulorum
1259 1642 1490 1681 senum.
1575 1623 1696 1682 Sed
1737 1624 1943 1683 nescio
1980 1643 2089 1700 quo

205 1705 388 1799 pacto
415 1720 494 1779 ab
525 1718 806 1779 amicitiis
835 1717 1251 1795 perfectorum
1290 1718 1624 1789 hominum,
1651 1719 1716 1777 id
1743 1725 1840 1779 est
1866 1721 2086 1798 sapien-

208 1818 386 1888 tium,
422 1816 528 1892 (de
559 1815 675 1873 hac
717 1815 851 1872 dico
893 1814 1213 1890 sapientia,
1243 1834 1379 1890 quae
1420 1816 1665 1874 videtur
1690 1816 1756 1873 in
1796 1817 2084 1875 hominem

208 1913 426 1971 cadere
489 1908 713 1988 possa)
796 1910 876 1971 ad
955 1911 1121 1967 leves
1190 1910 1492 1969 amicitias
1559 1910 1807 1971 deflexit
1885 1912 2080 1971 oratio.

214 2008 626 2083 Quamobrem
673 2006 752 2065 ad
795 2006 906 2063 illa
943 2006 1147 2083 prima
1182 2006 1517 2079 redeamuS,
1561 2028 1751 2084 eaque
1793 2010 1927 2087 ipsa
1964 2029 2076 2068 con-

209 2105 535 2162 cludamus
564 2102 914 2179 aliquando.

287 2199 880 2268 XXVII.—Virtus,
921 2198 1141 2268 virtue,
1193 2198 1463 2277 inquam,
1524 2197 1591 2257 O.
1646 2199 1844 2259 Fanni
1896 2207 1957 2260 et
2002 2206 2072 2269 tu,

211 2295 285 2369 Q.
313 2296 503 2367 Muci,
531 2298 591 2353 et
619 2294 905 2353 conciliat
931 2294 1235 2353 amicitias
1263 2298 1326 2353 et
1352 2300 1695 2353 conservat.
1807 2298 1883 2355 In
1910 2318 1978 2356 ea
1999 2302 2073 2354 est

209 2393 374 2451 enim
420 2392 851 2450 convenientia
895 2410 1119 2459 rerum,
1154 2391 1220 2447 in
1268 2410 1339 2449 ea
1377 2392 1703 2463 stabilitae,
1748 2394 1815 2451 in
1854 2414 1926 2453 ea
1961 2414 2070 2452 con-

210 2489 472 2548 stantia:
519 2507 654 2563 quae
696 2507 888 2563 quum
915 2506 978 2545 se
1021 2487 1249 2544 extulit
1276 2492 1339 2545 et
1378 2488 1644 2545 ostendit
1669 2490 1880 2549 lumen
1904 2510 2069 2557 suum,

211 2590 274 2642 et
313 2584 477 2641 idem
516 2583 757 2659 aspexit
797 2580 1175 2659 agnovitque
1214 2583 1279 2639 in
1320 2584 1474 2641 alio:
1520 2583 1603 2641 ad-
1624 2585 1691 2641 id
1729 2605 1794 2643 se
1820 2586 2072 2644 admovet

107 2706 114 2713 ·
208 2670 597 2755 vicissimque
639 2678 865 2754 accipit
916 2677 1091 2747 illud,
1136 2678 1299 2755 quod
1342 2679 1406 2735 in
1450 2679 1640 2737 altero
1686 2685 1823 2740 ests
1868 2702 1942 2740 ex
1977 2700 2070 2759 quo

210 2794 424 2833 eorum
463 2773 806 2832 exardescit
846 2774 976 2832 sive
1017 2793 1187 2831 amor
1215 2774 1341 2832 sive
1382 2774 1672 2833 amicitia.
1754 2776 2069 2856 Utrumque

212 2871 377 2929 enim
403 2870 642 2928 dictum
670 2874 762 2927 est
790 2871 866 2927 ab
903 2869 1183 2927 amando·
1263 2869 1491 2928 Amare
1518 2876 1727 2929 autem
1754 2874 1909 2931 nihil
1934 2872 2072 2933 aliud

212 2970 320 3035 est,
341 2966 462 3023 nisi
489 2986 632 3024 eum
646 2965 850 3043 ipsum
876 2965 1151 3041 diligere,
1170 2986 1353 3043 quem
1374 2985 1557 3036 ameS,
1577 2968 1751 3025 nulla
1768 2969 2072 3048 indigentia

212 3061 384 3118 nulla
426 3061 698 3119 utilitate
740 3060 1030 3138 quaesita:
1077 3079 1213 3136 quae
1260 3064 1469 3118 tamen
1507 3061 1645 3138 ipsa
1681 3064 1989 3125 efflorescit
2015 3084 2070 3124 ex
