2160 3532
2115 3 2118 17 ἰ

199 220 270 277 74
630 223 738 277 DE
786 224 1171 279 AMICITIA
1218 226 1649 282 DIALOGUS.
2110 177 2114 331 j

197 394 484 453 nascitur·
497 394 545 471 ε)
603 396 842 469 deinde,
897 402 971 456 ut
1025 399 1348 477 requirant
1400 404 1587 477 atque
1642 402 1960 476 appetant,
2012 396 2114 480 ad'g

197 509 350 567 quas
395 510 461 549 se
507 493 824 569 applicent
871 494 1147 573 ejusdem
1188 494 1431 571 generis
1478 494 1867 567 animantem
1911 494 2079 570 idque
2113 525 2116 579 3

197 585 437 645 faciunt
481 606 623 645 cum
696 588 996 648 desiderio
1039 596 1104 649 et
1151 610 1295 649 cum
1346 590 1612 669 quadam
1682 584 2077 649 similitudine
2113 580 2116 649 J

195 682 419 741 amoris
445 682 738 741 humani:
777 688 1010 762 quanto
1049 684 1116 743 id
1141 686 1335 763 mag-is
1374 685 1439 743 in
1464 685 1711 743 homine
1736 685 1811 743 fit
1848 688 2074 751 natura,
2113 670 2116 698 Ὗ

195 778 305 855 qui
331 782 397 836 et
421 797 486 836 se
509 777 637 855 ipse
657 779 879 857 diligit,
907 784 970 839 et
997 781 1262 839 alterum
1288 781 1581 859 anquirit,
1610 782 1792 859 cujus
1819 779 2075 839 animum
2115 774 2118 825 3¹

196 873 291 932 ita
316 893 458 932 cum
483 893 594 933 suo
623 876 894 946 misceat,
924 880 998 933 ut
1025 877 1247 936 efficiat
1273 896 1447 953 poene
1471 896 1667 934 unum
1696 896 1776 933 ex
1803 872 2071 934 duobus?
2115 858 2118 929 Ξ

274 963 703 1024 XXII.—Sed
747 966 1022 1042 plerique
1069 985 1374 1043 perverse,
1402 986 1479 1024 ne
1526 952 1729 1024 dicam
1774 965 2071 1043 impuden-
2116 1002 2121 1037 Ι

195 1059 308 1127 ter,
337 1056 604 1115 amicum
627 1056 852 1115 habere
891 1058 1078 1115 talem
1118 1058 1353 1127 volunt,
1382 1058 1595 1134 quales
1636 1056 1759 1135 ipsi
1796 1076 1930 1115 esse
1967 1074 2071 1112 non
2118 1114 2121 1141 Ι

193 1153 489 1225 possunt:
531 1168 789 1227 quaeque
827 1148 946 1225 ipsi
985 1168 1111 1207 non
1147 1150 1431 1207 tribuunt
1458 1148 1689 1218 amicis,
1718 1148 1850 1207 haec
1898 1148 1975 1206 ab
1999 1147 2071 1203 eis
2118 1176 2121 1255 J

195 1239 561 1299 desiderant.
643 1239 768 1297 Par
793 1246 888 1297 est
928 1245 1152 1311 autem,
1181 1237 1450 1317 p‘rimum
1488 1241 1694 1317 ipsum
1733 1260 1864 1299 esse
1888 1240 2069 1299 virum

195 1332 444 1404 bonum,
469 1337 607 1391 tum
633 1333 895 1391 alterum
934 1332 1198 1391 similem
1237 1333 1336 1391 sui
1372 1352 1663 1409 quoerere.
1745 1332 1825 1389 In
1862 1331 2068 1390 talibus

195 1442 282 1493 ea,
312 1444 498 1502 quam
523 1424 891 1501 jamdudum
906 1428 1273 1495 tractamus,
1302 1424 1605 1482 stabilitas
1632 1423 1924 1483 amicitioe
1948 1441 2065 1480 con-

196 1516 428 1574 firmari
468 1521 689 1593 potest,
734 1536 927 1593 quum
966 1515 1242 1575 homines
1284 1516 1703 1575 benevolentia
1756 1512 2065 1594 conjuncti,

195 1608 463 1685 primum
505 1606 945 1683 cupiditatibus
989 1606 1085 1677 iis,
1129 1606 1353 1683 quibus
1394 1606 1582 1664 ceteri
1628 1606 1928 1678 serviunt,
1974 1605 2066 1661 im-

196 1699 516 1777 perabunt,
545 1697 767 1755 deinde
809 1698 1101 1775 aequitate
1137 1698 1507 1776 'justitiaque
1552 1699 1924 1776 gaudebunt,
1964 1716 2065 1753 om-

194 1792 415 1868 niaque
466 1792 628 1849 alter
689 1809 803 1867 pro
856 1791 1049 1850 altero
1116 1791 1423 1868 suscipiet,
1491 1810 1689 1867 neque
1755 1791 2067 1867 quidquam

195 1901 490 1958 umquam
544 1881 663 1940 nisi
725 1881 1048 1940 honestum
1103 1887 1167 1940 et
1218 1886 1459 1940 3ectum
1526 1883 1686 1940 alter
1750 1881 1833 1940 ab
1901 1882 2067 1940 altero

196 1973 536 2051 postulabit
558 1995 574 2045 ;
613 1992 811 2049 neque
838 1973 1036 2031 solum
1061 1974 1264 2032 colent
1289 1973 1455 2030 inter
1493 1993 1557 2031 se
1583 1992 1655 2031 ac
1682 1973 1959 2050 diligent,
1983 1969 2067 2028 sed

196 2069 384 2126 etiam
413 2067 814 2126 verebuntur.
897 2067 1058 2124 Nam
1097 2067 1435 2125 maximum
1476 2071 1907 2124 ornamentum
1945 2063 2063 2123 ami-

196 2159 357 2218 citiae
403 2159 592 2229 tollit,
635 2159 744 2235 qui
789 2179 866 2216 ex
908 2177 983 2216 ea
1024 2158 1195 2216 tollit
1236 2158 1684 2217 verecundiam.
1768 2158 1986 2234 Itaque
2016 2156 2065 2211 in

195 2251 274 2310 iis
338 2251 712 2328 perniciosus
775 2256 870 2309 est
934 2270 1120 2322 error,
1185 2251 1295 2328 qui
1353 2251 1711 2309 existimant
1772 2251 2065 2310 libidinum

195 2348 706 2421 peccatorumque
753 2342 1024 2400 omnium
1065 2345 1276 2419 patere
1318 2342 1385 2400 in
1436 2343 1707 2402 amicitia
1760 2342 2063 2402 licentiam.

196 2435 525 2494 Virtutum
585 2434 862 2493 amicitia
915 2433 1191 2512 adjutrix
1247 2453 1285 2492 a
1334 2438 1563 2494 natura
1608 2435 1754 2493 data
1808 2439 1924 2506 est,
1973 2450 2064 2490 non

196 2527 488 2586 vitiorum
555 2545 774 2596 comes,
829 2529 920 2596 ut,
993 2526 1281 2601 quoniam
1350 2526 1628 2585 solitaria
1690 2545 1818 2585 non
1891 2525 2067 2602 posset

197 2619 396 2678 virtus
435 2617 516 2674 ad
555 2637 641 2687 ea,
691 2637 826 2692 quae
882 2636 1123 2674 summa
1167 2621 1331 2687 sunt,
1379 2617 1717 2693 pervenire,
1763 2619 2067 2696 conjuncta

199 2714 265 2769 et
326 2709 676 2768 consociata
737 2728 880 2766 cum
933 2708 1128 2766 altera
1178 2709 1542 2784 perveniret.
1639 2707 1788 2782 Quae
1838 2709 1892 2766 si
1946 2724 2065 2783 quos

198 2802 360 2860 inter
398 2801 656 2860 societas
703 2805 814 2858 aut
853 2804 948 2857 est
991 2803 1102 2856 aut
1148 2799 1273 2857 fuit
1316 2805 1426 2858 aut
1468 2801 1681 2858 futura
1727 2803 1841 2870 est,
1886 2817 2066 2858 eorum

201 2899 294 2953 est
359 2892 676 2950 habendus
745 2891 824 2950 ad
883 2911 1193 2949 summum
1258 2896 1497 2950 naturoe
1549 2892 1776 2951 bonum
1829 2892 2067 2968 optimus

199 2983 712 3058 beatissimusque
753 2982 1101 3040 comitatus.
1184 2983 1335 3040 Haec
1376 2988 1487 3054 est,
1514 2985 1779 3058 inquam,
1822 2984 2065 3048 societas,

202 3076 269 3134 in
309 3094 432 3152 qua
468 3075 670 3132 omnia
707 3073 940 3142 insunt,
982 3092 1119 3149 quse
1158 3079 1384 3150 putant
1426 3075 1697 3133 homines
1736 3074 2063 3152 expetenda,
