2160 3532
2108 0 2119 144 Ι

226 267 295 323 78
654 270 761 324 m:
809 231 1196 326 AMICITIA
1244 272 1674 330 mALerS.

225 441 666 518 rempublicam
692 460 756 500 se
783 443 1198 512 contulerunt,
1222 447 1285 500 et
1310 443 1375 514 ii,
1398 443 1506 519 qui
1532 463 1743 502 rerum
1771 444 2109 523 cognitione
2118 407 2122 540 '4

229 536 624 614 doctrinaque
664 537 1066 609 delectantur,
1097 544 1160 597 et
1194 538 1258 608 ii,
1287 539 1395 616 qui
1436 559 1614 598 suum
1654 542 1984 616 negotium
2022 559 2122 616 ge·3

229 638 378 691 runt
405 632 602 703 otiosi,
628 637 953 711 postremo
979 633 1044 702 ii,
1073 633 1181 710 qui
1207 653 1271 692 se
1297 637 1461 693 totos
1486 635 1881 695 tradiderunt
1907 627 2122 712 volup-³

230 729 484 799 tatibus,
511 729 642 788 sine
669 729 946 786 amicitia
978 729 1177 788 vitam
1204 748 1333 788 esse
1358 731 1611 801 nullam,
1640 731 1693 789 si
1718 731 1901 790 modo
1927 732 2111 789 velint

231 825 434 901 aliqua
471 845 548 882 ex
586 829 762 901 parte
801 824 1140 882 liberaliter
1178 825 1406 883 vivere.
1490 824 1699 903 Serpit
1725 827 1893 884 enim
1920 802 2124 885 nescio*

231 920 534 996 quomodo
570 939 680 996 per
722 919 994 977 omnium
1036 920 1199 978 vitas
1240 920 1509 979 amicitia
1548 940 1660 979 nec
1697 922 1896 980 ullam
1922 922 2124 981 aetatis‘

232 1017 523 1093 degendae
577 1017 876 1076 rationem
929 1017 1172 1094 patitur
1221 1037 1353 1076 esse
1406 1023 1717 1094 expertem
1759 1018 1877 1076 sui.
1964 1017 2107 1091 Quin

232 1114 420 1173 etiam
462 1114 515 1172 si
558 1112 697 1190 quis
744 1133 818 1171 ea
857 1113 1190 1189 asperitate
1216 1117 1311 1170 est
1350 1118 1413 1170 et
1452 1113 1838 1172 immanitate
1866 1118 2126 1179 naturaest

233 1228 594 1286 congressus
645 1212 719 1266 ut
771 1207 1086 1265 hominum
1128 1207 1330 1283 fugiat
1380 1211 1568 1284 atque
1618 1208 1834 1279 oderit,
1878 1209 2105 1285 qualem

233 1306 424 1365 fuisse
444 1303 705 1362 Athenis
726 1303 1046 1361 Timonem
1072 1303 1270 1361 nescio
1296 1322 1478 1380 quem
1497 1304 1874 1380 accepimus:
1918 1309 2105 1362 tamen

232 1402 286 1462 is
311 1401 444 1480 pati
467 1419 592 1458 non
617 1399 826 1476 possit,
854 1402 930 1455 ut
956 1417 1083 1455 non
1108 1398 1394 1475 anquirat
1434 1399 1717 1474 aliquem,
1747 1399 1917 1476 apud
1945 1417 2103 1478 quem
2127 1438 2128 1442 ,

233 1501 478 1557 evomat
503 1495 676 1554 virus
703 1493 1058 1552 acerbitatis
1086 1513 1229 1552 suoe.
1297 1492 1505 1570 Atque
1533 1493 1647 1552 hoe
1667 1495 1937 1554 maxime
1960 1494 2103 1572 jucli-

233 1595 498 1662 earetur,
546 1589 598 1647 si
643 1589 793 1665 qnid
836 1588 958 1645 tale
1002 1593 1210 1665 posset
1250 1588 1621 1666 contingere,
1650 1594 1724 1647 ut
1764 1591 1991 1666 aliquis
2016 1608 2103 1647 nos

233 1688 384 1746 deus
410 1706 486 1744 ex
501 1685 616 1742 hac
635 1684 949 1741 hominum
965 1683 1315 1758 frequentia
1333 1684 1580 1742 tolleret
1606 1688 1671 1742 et
1693 1685 1761 1742 in
1786 1685 2104 1744 solitudine

232 1784 471 1861 uspiam
499 1782 841 1850 collocaret,
870 1793 1054 1856 atque
1072 1780 1161 1838 ibi
1186 1780 1587 1857 suppeditans
1605 1782 1877 1840 omnium
1894 1801 2101 1849 rerum,

232 1900 383 1957 quas
408 1882 632 1936 natura
658 1877 981 1947 desiderat,
1011 1877 1457 1935 abundantiam
1483 1881 1548 1935 et
1574 1878 1830 1954 copiam,
1858 1879 2103 1939 hominis

233 1974 478 2034 omnino
504 1971 837 2050 aspiciendi
861 1975 1236 2048 potestatem
1264 1972 1544 2049 eriperet.
1627 1972 1779 2047 Quis
1807 1979 1939 2033 tam
1965 1978 2102 2032 esset

231 2073 486 2139 ferreus,
514 2068 620 2147 qui
649 2087 786 2126 eam
801 2068 994 2126 vitam
1010 2067 1174 2125 ferre
1201 2072 1424 2145 posset,
1447 2068 1667 2144 cuique
1693 2088 1818 2127 non
1846 2070 2102 2128 auferret

230 2168 507 2224 fructum
546 2164 942 2239 voluptatum
987 2163 1261 2220 omnium
1304 2163 1568 2222 solitudo
1585 2161 1614 2221 Ρ
1698 2163 1939 2222 Verum
1976 2183 2101 2240 ergo

229 2262 384 2320 illud
425 2265 537 2331 est,
582 2258 744 2335 quod
787 2278 825 2316 a
867 2257 1201 2315 Tarentino
1246 2257 1538 2335 Archyta,
1587 2263 1661 2316 ut
1706 2260 1945 2335 opinor,
2001 2258 2099 2317 dici

231 2357 481 2416 solitum
525 2360 764 2415 nostros
825 2373 998 2412 senes
1052 2373 1525 2412 commemorare
1578 2353 1805 2424 audivi,
1854 2356 1933 2413 ab
1986 2356 2101 2413 aliis

229 2452 476 2521 senibus
515 2450 828 2508 auditum:
875 2449 950 2509 Si
997 2450 1130 2526 quis
1169 2449 1236 2507 in
1280 2448 1492 2506 eoelum
1540 2450 1895 2509 ascendisset
1945 2458 2098 2507 natu-

229 2567 353 2607 ram
362 2567 473 2625 que
520 2546 729 2603 muudi
766 2551 824 2603 et
867 2544 1379 2621 pulchritudinem
1414 2545 1671 2602 siderum
1714 2548 2099 2621 perspexisset,

230 2643 533 2701 insuavem
557 2642 725 2699 illam
753 2641 1205 2699 admirationem
1244 2641 1300 2699 ei
1334 2640 1487 2715 fore,
1534 2660 1661 2719 quae
1685 2640 2101 2717 jucundissima

215 2737 446 2815 fuisset,
497 2737 549 2795 si
590 2736 864 2814 aliquem,
896 2737 995 2795 eui
1031 2741 1320 2808 narraret,
1360 2734 1669 2794 habuisset.
1752 2735 1854 2795 Sic
1894 2741 2100 2795 natura

228 2834 566 2893 solitarium
591 2832 744 2889 nihil
782 2836 972 2903 amat,
1000 2850 1359 2909 semperque
1394 2832 1475 2890 ad
1511 2831 1759 2908 aliquod
1797 2836 2099 2909 tamquam

227 2930 668 2989 adminiculum
719 2928 1054 2987 annititur:
1116 2929 1281 3003 quod
1332 2928 1402 2985 in
1455 2927 1820 2986 amicissimo
1875 2946 2098 3005 quoque

227 3026 648 3085 dulcissimum
676 3028 788 3082 est.

304 3119 758 3179 XXIV-Sed
783 3138 975 3197 quum
1001 3123 1100 3177 tot
1126 3119 1313 3196 signis
1342 3120 1553 3178 eadem
1580 3124 1809 3178 natura
1827 3120 2097 3188 declaret,
