2160 3532
244 258 311 313 10
433 216 443 226 ’
673 260 780 313 DE
829 258 1214 315 AMICITLA
1260 249 1693 317 humens,

240 450 457 490 verum
501 432 693 489 etiam
737 432 943 490 studio
987 437 1049 490 et
1096 434 1375 492 doctrina
1414 453 1544 493 esse
1586 434 1977 511 sapientem3
2027 453 2109 491 ne

241 535 400 592 sicut
426 536 667 612 vulgus,
697 535 803 594 sed
835 540 910 593 ut
948 519 1176 595 eruditi
1212 539 1409 596 solent
1446 539 1756 616 appellare
1790 539 2066 616 sapiente

239 639 483 715 qualem
524 641 592 698 in
633 639 870 700 Graecia
911 643 1237 715 neminem.
1317 643 1480 702 Nam
1524 643 1634 719 qui
1670 646 1888 721 septem
1928 662 2096 720 appe

238 742 466 815 lantur,
517 765 636 816 eos,
693 746 802 823 qui
857 747 982 806 ista
1038 747 1325 806 subtilius
1383 751 1684 825 quaerunt,
1742 746 1811 804 in
1874 766 2075 804 nume

239 846 605 924 sapientium
645 870 770 910 non
807 852 1061 910 habent.
1140 850 1405 908 Athenis
1439 870 1634 908 unum
1674 851 2045 928 accepimuS,

239 970 381 1008 eum
432 951 682 1029 quidem
722 954 909 1012 etiam
951 953 1258 1032 Apollinis
1310 954 1559 1012 oraculo
1614 954 2077 1030 sapientissimu

238 1052 606 1129 judicatum.
685 1056 867 1115 Hanc
907 1076 1038 1116 esse
1073 1058 1140 1114 in
1170 1060 1237 1114 te
1264 1041 1630 1132 sapientiam
1657 1057 2035 1129 existimant,

240 1159 443 1216 omnia
469 1163 582 1218 tua
605 1159 674 1219 in
699 1165 764 1219 te
789 1161 992 1240 posita
1017 1162 1224 1232 ducas,
1251 1161 1667 1239 humanosque
1694 1179 1869 1219 casus
1895 1161 2105 1219 virtut

239 1261 558 1322 inferiores
596 1270 798 1341 putee.
881 1266 1103 1344 Itaque
1148 1285 1226 1323 ex
1273 1283 1372 1323 me
1408 1268 1711 1342 quaerunt,
1754 1264 1937 1322 credo
1981 1265 2073 1322 ite

239 1385 318 1422 ex
377 1365 492 1424 hoc
557 1365 896 1445 [Scaevola]
957 1387 1226 1447 quonam
1288 1372 1472 1444 pacto
1536 1373 1797 1425 mortem
1848 1367 2071 1426 Africa

239 1467 439 1530 feras:
474 1490 666 1547 eoque
705 1473 922 1550 magis,
952 1473 1118 1551 quod
1142 1472 1241 1530 his
1268 1470 1561 1550 proximis
1586 1471 1798 1542 Nonis,
1836 1493 2029 1550 quum
2073 1474 2119 1529 in

239 1574 447 1634 hortos
474 1575 552 1634 D.
583 1576 770 1635 Bruti
796 1577 1047 1653 auguris
1074 1575 1531 1635 commentandi
1556 1595 1757 1648 causa,
1786 1579 1859 1634 ut
1885 1578 2119 1648 assolet,

240 1679 634 1750 venissemuS,
662 1680 739 1737 tu
777 1699 902 1738 non
940 1679 1215 1749 adfuisti,
1245 1678 1352 1755 qui
1388 1678 1855 1755 diligentissime
1893 1684 2119 1756 semper

241 1782 418 1840 illum
445 1783 609 1841 diem
636 1788 700 1841 et
729 1783 888 1842 illud
911 1804 1140 1841 munus
1166 1783 1384 1841 solitus
1412 1802 1573 1840 esses
1599 1782 1788 1840 obire.

323 1885 614 1946 Scffivom.
699 1887 1001 1961 Quaerunt
1036 1874 1302 1964 quidem,
1333 1884 1402 1945 O.
1430 1886 1598 1957 Laeli,
1625 1885 1825 1961 multi,
1853 1889 1927 1943 ut
1965 1891 2060 1945 est
2100 1904 2121 1945 ι

245 1989 478 2049 Fannio
525 1991 800 2050 dictum:
847 1992 955 2050 sed
1001 2010 1113 2069 ego
1155 1992 1223 2049 id
1263 1990 1615 2069 respondeo,
1652 1992 1818 2067 quod
1861 1992 2119 2051 animad-

246 2093 421 2164 verti,
468 2096 532 2152 te
579 2094 869 2167 dolorem,
917 2113 1104 2171 quem
1154 2095 1460 2172 acceperis
1505 2115 1696 2172 quum
1741 2095 1965 2153 summi
2010 2097 2099 2154 vii

245 2202 381 2255 tum
425 2197 778 2257 amicissimi
821 2203 1038 2269 morte,
1087 2200 1249 2257 ferre
1295 2198 1639 2271 moderate3
1695 2217 1811 2257 nec
1862 2200 2097 2276 potuiss

243 2320 366 2359 non
407 2280 794 2372 commoveri,
829 2320 942 2361 nec
985 2301 1179 2360 fnisse
1217 2301 1281 2359 id
1326 2302 1731 2361 humanitatis
1769 2306 1925 2362 tuae:
1969 2324 2087 2380 quo

241 2408 447 2463 autem
487 2404 585 2463 his
622 2405 817 2464 Nom‘s
842 2405 908 2463 in
933 2405 1190 2482 collegio
1230 2406 1439 2463 nostro
1472 2424 1598 2464 non
1623 2406 1942 2477 adfuisseS,
1970 2408 2125 2466 vale-

243 2508 523 2567 tudinem
549 2527 817 2580 causam,
843 2529 968 2568 non
994 2509 1347 2568 maestitiam
1372 2508 1582 2567 fuisse.
2022 2586 2027 2591 ἱ

323 2612 569 2671 LAELIUS.
651 2611 845 2671 Recte
890 2617 966 2671 tu
1016 2613 1283 2689 quidem,
1330 2611 1621 2686 Scaevola,
1671 2618 1737 2671 et
1777 2634 1957 2673 vere:
2018 2635 2123 2673 nec

245 2716 410 2775 enim
463 2718 540 2774 ab
592 2717 710 2775 isto
771 2717 983 2797 officio,
1039 2717 1205 2792 quod
1272 2736 1511 2793 semper
1574 2719 1886 2795 usurpavi,
1939 2740 2122 2796 quum

245 2821 532 2890 valerem,
574 2820 793 2878 abduci
831 2820 1212 2879 incommodo
1250 2840 1387 2878 meo
1428 2820 1629 2891 debui,
1670 2840 1782 2880 nec
1822 2823 1945 2880 ullo
1984 2843 2121 2881 casu

245 2924 514 2982 arbitror
551 2924 665 2983 hoc
707 2924 1021 2983 constanti
1050 2923 1285 2982 homini
1310 2944 1485 3001 posse
1511 2926 1883 3001 contingere,
1908 2931 1975 2984 ut
2000 2927 2123 2985 ulla

247 3028 616 3085 intermissio
641 3027 752 3085 fiat
778 3026 977 3085 officii.
1057 3026 1152 3083 Tu
1179 3032 1404 3096 autem,
1435 3026 1649 3096 Fanni,
1678 3028 1803 3103 qui,
1824 3028 1969 3085 mihi
1994 3034 2119 3087 tan-

173 3188 178 3195 ,
247 3134 384 3187 tum
411 3131 604 3189 tribui
629 3130 804 3200 dicis,
831 3132 1132 3207 quantum
1161 3148 1274 3205 ego
1310 3148 1420 3188 nec
1446 3148 1706 3205 agnosco
1734 3149 1846 3188 nec
1874 3133 2117 3207 postule,

2110 3250 2129 3483 ἱ
