2160 3532
218 250 286 306 56
649 250 757 304 DE
806 248 1194 305 AMICITIA
1242 248 1674 334 DIALOGUS.

217 443 297 480 ne
339 424 487 499 quid
527 423 595 480 in
634 427 864 480 terram
906 423 1151 490 defluat,
1180 426 1291 480 aut
1336 442 1416 480 ne
1455 423 1594 500 plus
1637 441 1812 499 oequo
1857 424 1931 480 in
1978 425 2130 482 ami-5

218 526 426 584 citiam
466 489 896 602 congeratur)
935 527 1165 586 Tertius
1211 546 1355 584 vero
1396 526 1502 584 ille
1543 526 1680 585 finis
1723 526 2110 596 deterrimus

155 635 160 640 ’
219 634 310 702 ut,
340 630 575 706 quanti,
604 630 858 706 quisque
899 649 964 688 se
1002 630 1133 706 ipse
1173 628 1381 701 faciat,
1409 631 1569 689 tanti
1611 629 1721 688 fiat
1762 631 1843 688 ab
1887 631 2109 690 amicis.

225 734 397 811 Soepe
432 735 596 792 enim
631 735 696 792 in
722 735 1091 810 quibusdam
1118 740 1227 793 aut
1254 735 1494 793 animus
1532 735 1832 812 abjectior
1870 741 1989 806 est,
2015 740 2111 792 aut

223 858 361 915 spes
413 839 856 916 amplificandae
913 839 1178 897 fortunae
1229 839 1503 897 fractior.
1586 839 1729 897 Non
1772 844 1873 899 est
1926 841 2111 916 igitur

223 943 422 1016 amici,
465 944 656 1002 talem
704 962 833 1002 esse
877 943 946 1000 in
995 962 1153 1013 eum,
1196 943 1413 1020 qualis·
1440 943 1547 1001 ille
1592 943 1662 1001 in
1713 963 1779 1001 se
1822 948 1962 1015 est;
2017 944 2111 1000 sed

222 1043 428 1123 potius
455 1047 610 1104 eniti
635 1049 698 1103 et
734 1045 988 1117 efficere,
1018 1049 1091 1103 ut
1136 1047 1316 1104 amici
1357 1047 1665 1122 jacentem
1701 1046 1987 1104 animum
2020 1066 2132 1103 ex-.

225 1151 374 1209 citet
392 1152 766 1228 inducatque
786 1169 956 1227 spem
977 1151 1530 1227 cogitationemque
1549 1151 1885 1208 meliorem.
1940 1149 2109 1207 Alius

223 1255 418 1330 igitur
465 1254 605 1313 finis
650 1274 810 1314 verae
854 1254 1139 1312 amicitiae
1186 1255 1645 1313 constituendus
1689 1260 1802 1327 est,
1832 1256 1887 1313 si
1925 1255 2107 1332 prius,

224 1359 373 1436 quid
417 1359 682 1416 maxime
725 1358 1169 1436 reprehendere
1216 1358 1422 1435 Scipio
1465 1360 1683 1418 solitus
1722 1360 1823 1432 sit,
1854 1359 2105 1423 edixere.

225 1463 506 1540 Negabat
555 1464 746 1522 ullam
797 1483 1006 1522 vocem
1051 1463 1452 1522 inimiciorem
1506 1464 1791 1523 amicitioe
1845 1465 2107 1541 potuisse

225 1568 499 1645 reperiri,
527 1588 714 1645 quam
741 1569 891 1646 ejus,
919 1569 1026 1646 qui
1053 1569 1312 1627 dixisset
1348 1569 1437 1627 ita
1473 1589 1680 1626 amare
1715 1575 2019 1646 oportere,
2046 1577 2107 1626 ut-
2132 1569 2134 1652 ξ

226 1674 280 1732 si
306 1673 628 1750 aliquando
657 1678 818 1731 esset
844 1692 1063 1732 osurus
1088 1697 1103 1732 ε
1146 1692 1262 1732 nec
1288 1693 1435 1732 vero
1468 1693 1534 1732 se
1568 1673 1789 1732 adduci
1825 1694 2018 1751 posse,
2046 1681 2103 1731 ut
2132 1655 2134 1682 ¹

225 1779 360 1849 hoc,
382 1778 894 1855 quemadmodum
916 1778 1260 1854 putaretur,
1281 1798 1319 1836 a
1334 1777 1555 1837 Biante
1576 1798 1705 1837 esse
1724 1779 1969 1837 dictum
1995 1799 2103 1837 cre·

224 1882 415 1952 deret,
443 1882 550 1957 qui
575 1882 815 1958 sapiens
861 1880 1111 1939 habitus
1138 1887 1301 1940 esset
1327 1902 1487 1940 unus
1514 1902 1549 1940 e
1574 1886 1848 1959 septem3
1889 1882 2101 1959 impuri

225 1986 566 2064 cujusdam,
597 1991 708 2044 aut
747 1985 1057 2044 ambitiosi
1082 1991 1193 2044 aut
1218 1987 1424 2045 omnia
1450 1987 1532 2044 ad
1558 2006 1735 2045 suam
1779 1990 2099 2064 potentiam

224 2091 568 2149 revocantis
595 2110 724 2149 esse
752 2090 1140 2149 sententiam.
1226 2090 1508 2164 Quonam
1539 2092 1704 2148 enim
1745 2092 1923 2151 modo
1954 2094 2099 2170 quis-

226 2214 411 2271 quam
437 2195 666 2253 amicus
696 2214 825 2253 esse
853 2194 1105 2271 poterit,
1134 2194 1235 2252 cui
1262 2214 1326 2253 se
1367 2195 1617 2271 putabit
1641 2195 1962 2254 inimicum
1990 2218 2099 2255 esse
2134 2240 2136 2285 i

225 2319 400 2376 posse
420 2297 450 2357 i>
533 2298 699 2373 Quin
745 2298 934 2356 etiam
975 2317 1219 2356 necesse
1267 2299 1388 2356 erit
1430 2318 1655 2375 cupere
1682 2304 1747 2357 et
1789 2306 2019 2376 opt-are,
2046 2308 2100 2357 ut
2134 2288 2136 2359 ἕ

225 2424 411 2480 quam
463 2403 795 2480 saepissime
848 2406 1062 2479 peccet
1115 2403 1367 2473 amicae,
1422 2422 1545 2479 quo
1598 2404 1805 2480 plures
1852 2403 1959 2462 det
2006 2407 2099 2463 sibi
2134 2376 2136 2425 ⁵

226 2512 540 2583 tamquam
586 2526 765 2564 ansas
811 2504 890 2563 ad
932 2504 1548 2581 reprehendendumz
1606 2526 1854 2564 rursum
1908 2514 2099 2566 autem
2134 2486 2136 2489 Α

225 2616 388 2667 recte
413 2609 594 2667 factis
621 2608 1070 2684 commodisque
1113 2607 1451 2665 amicorum
1498 2628 1744 2666 necesse
1792 2610 1910 2666 erit
1952 2612 2097 2687 angi
2134 2624 2136 2627 ‘

224 2714 442 2783 dolere,
488 2712 833 2785 invideres)
863 2711 1068 2785 Quare
1116 2710 1232 2769 hoc
1282 2711 1528 2787 quidem
1575 2718 1968 2789 praeceptum,
2014 2736 2097 2775 cu.

223 2820 583 2897 juscumque
628 2819 741 2885 est,
786 2815 865 2872 ad
914 2814 1252 2872 tollendam
1300 2813 1636 2873 amicitiam
1682 2816 1868 2874 valet.
1948 2818 2099 2879 Illud

223 2924 427 3000 potius
478 2920 953 2999 praecipiendum
1008 2919 1134 2977 fuit
1186 2924 1260 2976 ut
1313 2938 1449 2977 eam
1509 2919 1890 2996 diligentiam
1941 2928 2098 2985 adhi-

226 3021 504 3078 beremus
544 3017 608 3074 in
639 3016 925 3073 amicitiis
955 3014 1395 3092 comparandiS,
1424 3019 1498 3073 ut
1536 3036 1615 3074 ne
1642 3018 1885 3093 quando
1910 3040 2099 3083 amare

215 3116 626 3196 inciperemus
679 3132 840 3184 eum,
894 3130 1078 3188 quem
1144 3110 1471 3187 aliquando
1537 3112 1737 3171 odisse
1787 3133 2097 3191 possemus,
