2160 3532
229 273 297 327 58
661 271 768 326 DE
817 268 1204 327 AMICITIA
1254 269 1687 357 DIALoeIIS.

1366 379 1601 387 ”.·-—--—

233 444 411 518 Quin-
451 445 644 504 etiam
697 446 751 503 si
802 446 1004 503 minus
1047 445 1256 503 felices
1302 445 1367 503 in
1412 445 1735 522 deligendo
1777 445 2121 511 fuissemus

232 549 555 607 ferendum
581 549 646 606 id
688 547 893 626 Scipio
919 549 1141 626 potius,
1170 569 1356 626 quam
1393 543 1863 608 inimicitiarum
1888 553 2121 624 tempus

233 655 630 732 cogitandum
658 655 938 731 putabat.

177 812 186 851 ³
224 787 296 804 -ν
315 759 723 818 XVIL—His
775 760 972 848 igitur
1024 759 1252 818 finibus
1317 760 1619 818 utendum
1687 759 1983 830 arbitror,
2049 761 2118 824 ut,

237 867 430 940 quum
477 863 780 922 emendati
825 883 1022 921 mores
1079 863 1419 921 amicorum
1462 863 1605 933 sint,
1652 868 1791 921 tum
1838 863 1927 921 sit
1975 863 2121 920 inter

166 974 173 984 '
241 987 341 1026 eos
369 967 642 1026 omnium
688 987 916 1037 rerum,
959 967 1368 1036 consiliorum,
1412 967 1809 1026 voluntatum
1852 967 1990 1025 sine
2014 967 2121 1022 ulla

240 1073 600 1150 exceptione
672 1071 1109 1129 communitas:
1178 1075 1271 1142 ut,
1324 1072 1513 1129 etiam
1573 1072 1628 1130 si
1692 1091 1817 1148 qua
1882 1071 2119 1130 fortuna

159 1244 164 1257 ¹
243 1177 554 1248 acciderit,
598 1181 671 1234 ut
715 1177 920 1234 minus
959 1177 1143 1254 justae
1184 1175 1519 1234 amicorum
1563 1177 1918 1235 voluntates
1965 1176 2117 1252 adju-

241 1282 458 1344 vandae
511 1281 656 1351 sint,
709 1280 778 1338 in
824 1279 1047 1355 quibus
1101 1298 1314 1338 eorum
1357 1283 1467 1338 aut
1510 1285 1697 1357 caput
1748 1284 1981 1356 agatur
2028 1283 2117 1336 aut

243 1385 428 1458 fama,
459 1384 892 1459 declinandum
922 1383 1006 1442 sit
1034 1383 1109 1440 de
1138 1384 1271 1454 via3
1312 1383 1611 1456 modone
1654 1401 1895 1441 summa
1940 1382 2115 1458 turpi-

153 1527 158 1535 ·
244 1491 396 1549 tudo
443 1493 772 1566 sequatur:
817 1492 911 1546 est
938 1487 1119 1558 enim,
1150 1492 1453 1563 quatenus
1482 1486 1768 1544 amicitioe
1797 1485 1935 1544 dari
1960 1486 2114 1544 venia

243 1596 457 1672 possit.
538 1593 670 1652 Neo
714 1612 862 1652 vero
905 1591 1276 1668 negligenda
1315 1596 1409 1650 est
1448 1591 1647 1662 fama3
1689 1609 1803 1648 nec
1830 1589 2114 1648 mediocre

245 1699 442 1756 telum
461 1698 539 1756 ad
557 1717 655 1756 res
681 1697 980 1774 gerendas
1000 1695 1357 1773 existimare
1381 1700 1623 1774 oportet
1646 1695 2112 1754 benevolentiam

246 1805 507 1863 civium:
553 1822 739 1879 quam
777 1800 1099 1862 blanditiis
1126 1805 1189 1859 et
1215 1800 1583 1859 assentando
1626 1800 1911 1875 colligere
1954 1804 2111 1877 turpe

205 1925 210 1931 ’
247 1912 359 1966 est.
439 1906 660 1965 Virtus
685 1924 868 1981 quam
893 1904 1179 1980 sequitur
1204 1904 1446 1974 caritaS,
1474 1904 1729 1961 minime
1756 1904 2113 1981 repudianda

247 2017 359 2071 est.
418 2010 541 2069 Sed
559 2030 719 2087 saepe
741 2008 1001 2085 (etenim
1030 2010 1213 2067 redeo
1233 2008 1312 2067 ad
1340 2008 1707 2086 Scipionem,
1737 2010 1914 2086 cujus
1944 2009 2111 2067 omnis

247 2138 447 2197 sermo
475 2120 608 2174 erat
636 2115 712 2173 de
743 2113 1048 2189 amicitia)
1098 2114 1484 2191 querebatur,
1532 2114 1697 2189 quod
1743 2114 2027 2171 omnibus
2066 2113 2110 2169 in

247 2210 431 2281 rebus
456 2220 734 2279 homines
762 2217 1183 2296 diligentiores
1208 2222 1415 2277 essent
1438 2243 1451 2276 :
1485 2238 1701 2296 capras
1729 2222 1793 2275 et
1819 2238 1964 2277 oves
1992 2229 2111 2294 quot

247 2328 501 2404 quisque
548 2324 822 2395 haberet,
870 2323 1076 2381 dicere
1121 2342 1334 2399 posse:
1398 2322 1625 2381 amicos
1668 2326 1820 2399 quot
1864 2321 2109 2383 haberet,

246 2452 372 2491 non
398 2450 576 2509 posse
604 2427 840 2489 dicere!
888 2432 953 2487 et
979 2427 1047 2485 in
1088 2427 1214 2486 illis
1241 2427 1486 2503 quidem
1526 2426 1817 2504 parandis
1853 2426 2111 2484 adhibere

247 2556 473 2607 curam,
502 2535 568 2592 in
597 2534 807 2593 amicis
836 2532 1133 2611 eligendis
1173 2530 1555 2608 negligentes
1596 2550 1725 2589 esse
1763 2549 1875 2587 nec
1916 2529 2111 2587 habere

248 2642 424 2719 quasi
461 2641 639 2715 signa
674 2638 950 2714 quaedam
987 2641 1050 2696 et
1090 2640 1286 2706 notas,
1322 2635 1543 2711 quibus
1583 2654 1697 2704 eos,
1727 2635 1834 2711 qui
1874 2634 1957 2692 ad
1994 2634 2109 2692 ami-

248 2746 460 2804 citiam
488 2745 691 2801 essent
728 2740 949 2810 idonei,
995 2739 1371 2823 judicarent..
1446 2737 1604 2795 Sunt
1643 2738 1838 2815 igitur
1874 2737 2037 2795 firmi
2068 2743 2109 2793 et

250 2848 498 2909 stabiles
525 2851 589 2905 et
609 2849 956 2905 constantes
981 2844 1283 2919 eligendi3
1324 2844 1501 2921 cujus
1528 2841 1773 2919 generis
1799 2846 1895 2899 est
1918 2860 2109 2918 magna

251 2951 540 3029 penuria:
585 2953 650 3007 et
686 2948 962 3027 judicare
998 2948 1241 3006 difficile
1281 2950 1378 3005 est
1418 2966 1579 3016 sane,
1620 2946 1743 3004 nisi
1782 2952 2107 3023 expertum

147 3083 152 3087 -
250 3046 686 3123 experiendum
725 3048 820 3102 est
861 3047 1071 3101 autem
1108 3043 1174 3099 in
1201 3044 1337 3119 ipsa
1361 3042 1652 3133 amicitia.
1735 3039 1839 3099 Ita
1879 3062 2109 3119 praecur·

161 3156 172 3167 ·
248 3143 334 3199 rit
373 3140 644 3199 amicitia
677 3138 996 3217 judicium,
1031 3138 1321 3214 tollitque
1362 3134 1716 3215 experiendi
1751 3140 2109 3213 potestatem
