2160 3532
212 281 280 338 52
642 282 750 336 DE
799 279 1188 337 AMICITIA
1234 280 1669 338 DIALOGUS.

212 457 508 515 nimirum
549 455 723 513 nulla
767 455 934 524 fides,
961 453 1137 512 nulla
1175 455 1418 527 caritas,
1447 455 1623 514 nulla
1658 457 1909 518 stabilis
1940 458 2131 516 bene·

215 561 503 620 volentiae
548 563 753 637 potest
794 578 925 618 esse
968 558 1230 630 fiducia3
1284 560 1491 618 omnia
1533 580 1779 638 semper
1823 567 2133 639 suspecta

217 670 406 742 atque
434 665 732 724 sollicita.
774 664 984 722 nullus
1023 663 1195 722 locus
1242 664 1548 724 amicitiae.
1571 704 1613 765 Δ
1632 665 1785 740 Quis
1815 666 1997 724 enim
2024 671 2133 724 aut

219 790 360 829 eum
403 768 643 845 diligat,
686 787 867 844 quem
911 770 1183 838 metuat;
1224 772 1335 826 aut
1377 765 1537 839 eum,
1571 789 1610 828 a
1648 788 1773 845 quo
1811 789 1883 828 se
1930 769 2131 827 metui

221 877 402 952 putet
426 871 456 933 i>
567 871 876 931 Coluntur
944 876 1153 930 tamen
1206 872 1599 932 simulatione
1651 873 2003 936 dumtaxat
2060 875 2133 934 ad

223 983 488 1055 tempus,
573 975 751 1050 Quod
792 975 846 1034 si
883 975 1068 1048 forte,
1110 979 1185 1032 ut
1225 974 1299 1033 fit
1330 976 1712 1053 plerumque,
1740 977 2131 1046 ceciderint3

222 1087 362 1141 tum
386 1080 782 1157 intelligitur,
804 1099 986 1156 quam
1005 1079 1243 1137 fuerint
1262 1079 1475 1156 inopes
1496 1081 1854 1140 amicorum.
1946 1081 2132 1156 Quod

227 1186 626 1263 Tarquinium
673 1184 899 1242 dixisse
943 1183 1176 1256 ferunt,
1222 1189 1362 1242 tum
1409 1181 1857 1261 [exsulantem]
1917 1205 1993 1244 se
2042 1186 2131 1243 in-

226 1290 552 1360 tellexisse,
599 1307 750 1365 quos
802 1286 954 1346 fidos
1009 1289 1235 1347 amicos
1286 1288 1621 1362 habuisset,
1670 1308 1823 1366 quos
1875 1275 2146 1360 infidoS,i

227 1416 419 1473 quum
430 1396 558 1473 jam
593 1392 831 1451 neutris
864 1393 1135 1468 gratiam
1160 1393 1393 1451 referre
1419 1397 1647 1471 posset.
1667 1430 1686 1494 1
1729 1393 2129 1472 Quamquam

227 1501 437 1571 miror,
487 1498 600 1557 illa
649 1496 937 1576 superbia
989 1501 1055 1555 et
1106 1497 1579 1574 importunitate
1635 1497 1688 1556 si
1748 1518 2125 1576 quemquam

226 1606 452 1664 habere
506 1602 728 1680 potuit.
834 1601 1040 1678 Atque
1086 1604 1162 1658 ut
1217 1600 1423 1678 hujus,
1478 1620 1665 1678 quem
1714 1600 1865 1672 dixi,
1924 1621 2125 1660 mores

229 1729 401 1770 veros
443 1706 671 1766 amicos
710 1724 928 1783 parare
970 1723 1097 1762 non
1129 1708 1419 1782 potuere:
1462 1704 1549 1762 sic
1596 1704 1941 1762 multorum
1984 1726 2122 1784 opes

227 1810 701 1890 praepotentium
747 1807 1087 1867 excludunt
1128 1807 1431 1866 amicitias
1459 1807 1687 1867 fideles.
1768 1808 1917 1866 Non
1963 1812 2121 1868 enim

229 1908 429 1967 solum
473 1907 605 1983 ipsa
643 1903 898 1962 fortuna
923 1922 1083 1961 caeca
1122 1907 1234 1973 est,
1262 1903 1370 1960 sed
1402 1922 1504 1961 eos
1531 1904 1722 1961 etiam
1756 1904 2144 1993 plerumque,

230 2004 416 2061 efficit
451 2020 657 2071 caecos,
702 2018 855 2078 quos
919 1998 1239 2076 complexa
1277 2003 1393 2057 est.
1495 1999 1715 2076 Itaque
1774 1999 2121 2061 efferuntur

229 2101 360 2159 fere
380 2096 632 2157 fastidio
660 2099 724 2154 et
751 2095 1139 2154 contumacia
1162 2118 1177 2153 ε
1224 2114 1423 2170 neque
1440 2094 1775 2171 quidquam
1788 2088 2119 2174 insipiente

229 2194 545 2252 fortunato
572 2188 1021 2247 intolerabilius
1038 2187 1174 2245 fieri
1198 2191 1423 2265 potest.
1504 2188 1713 2265 Atque
1739 2189 1856 2248 hoc
1873 2191 2119 2267 quidem

229 2288 435 2348 videre
461 2286 623 2356 licet,
653 2304 772 2355 eos,
801 2284 909 2360 qui
935 2288 1119 2341 antea
1158 2283 1491 2342 commodis
1531 2284 1788 2343 fuerunt
1825 2288 2115 2358 moribus,

229 2382 504 2460 imperio,
546 2384 870 2457 potestate,
900 2378 1207 2457 prosperis
1227 2379 1413 2437 rebus
1439 2379 1771 2451 immutari,
1792 2384 2117 2461 spernique

231 2483 309 2540 ab
333 2480 433 2537 his
457 2481 697 2537 veteres
739 2474 1060 2545 amicitias,
1088 2474 1399 2550 indulgeri
1426 2475 1620 2534 novis.
1678 2484 1693 2551 ι
1720 2474 1886 2548 Quid
1912 2486 2115 2539 autem

231 2575 503 2645 stultius,
557 2590 755 2648 quam,
804 2590 998 2649 quum
1050 2569 1390 2648 plurimum
1444 2571 1650 2648 copiis,
1699 2570 2114 2643 facultatibus»,

229 2672 446 2749 opibus
499 2667 754 2746 possint,
796 2670 1003 2724 cetera
1042 2684 1283 2743 parare,
1318 2686 1455 2744 quse
1496 2671 1801 2743 parantur
1838 2672 2113 2744 pecunia,

229 2786 434 2846 equos,
460 2764 742 2834 famulos,
762 2766 1000 2821 vestem
1025 2761 1357 2837 egregiam,
1382 2781 1532 2820 vasa
1548 2762 1853 2838 pretiosa;
1893 2766 2113 2826 amicos

229 2883 353 2922 non
416 2878 648 2939 parare,
717 2858 1015 2935 optimam
1055 2861 1123 2915 et
1175 2857 1655 2935 pulcherrimam
1696 2857 1862 2928 vitae,
1906 2865 1989 2918 ut
2044 2865 2113 2920 itu

229 2960 449 3029 dicam,
495 2953 980 3032 suppellectilem
1000 2949 1030 3011 i>
1114 2952 1362 3009 Etenim
1401 2957 1609 3009 cetera
1649 2970 1840 3028 quum
1878 2964 2113 3031 parant,

229 3055 332 3113 cui
370 3055 606 3131 parent,
649 3049 951 3118 nesciunt,
999 3066 1114 3105 nec
1153 3048 1332 3125 cujus
1375 3066 1563 3106 causa
1585 3048 1871 3107 laborent
1890 3054 2114 3132 z—ejus

229 3154 323 3209 est
363 3148 525 3208 enim
564 3146 827 3205 istorum
869 3144 1159 3220 quidque,
1187 3143 1296 3219 qui
1339 3143 1535 3205 vincit
1561 3143 1796 3204 viribus
1818 3150 2114 3208 z—amici·

2136 3246 2141 3509 Ι
