2160 3532
239 273 304 332 72
660 278 767 333 DE
817 278 1204 334 AMICITIA
1253 277 1683 335 DIALOGUS.

231 469 310 508 ne
346 472 468 529 qua
495 453 830 512 amicorum
857 443 1123 512 'discidia
1157 457 1347 512 fiant:
1391 454 1489 512 sin
1522 454 1644 511 tale
1684 450 1924 528 aliquid
1960 469 2126 508 even-

232 556 370 628 erit,
435 562 508 615 ut
577 559 894 616 exstinctae
951 558 1159 636 potius
1226 559 1527 629 amicitiae,
1584 577 1772 634 quam
1825 573 2129 632 oppressae

233 678 364 717 esse
407 660 755 720 videantur.
841 660 1197 721 Cavendum
1236 681 1399 730 vere,
1443 681 1521 718 ne
1568 661 1755 718 etiam
1795 659 1868 716 in
1914 675 2127 736 graves

232 763 586 824 inimicitias
631 769 996 824 convertant
1041 785 1106 824 se
1161 764 1478 836 amicitiae3
1521 782 1601 822 ex
1640 763 1865 840 quibus
1908 762 2127 838 jurgia,

233 867 580 938 maledicta,
648 869 1032 926 contumeliae
1096 869 1456 945 gignuntur.
1583 866 1733 939 Quoe
1797 870 2025 924 tamen
2086 863 2125 920 si

230 971 578 1031 tolerabiles
617 977 818 1043 erunt,
862 973 1130 1030 ferendae
1169 977 1357 1030 sunt:
1418 975 1482 1028 et
1537 970 1639 1028 hic
1693 971 1890 1028 honos
1932 968 2125 1026 veteri

233 1076 521 1136 amicitiae
563 1078 931 1136 tribuendus
976 1081 1087 1147 est,
1115 1082 1188 1134 ut
1234 1077 1289 1135 is
1315 1077 1383 1133 in
1422 1076 1603 1152 culpa
1644 1075 1739 1145 sit,
1769 1074 1878 1152 qui
1922 1074 2121 1138 faciat,

232 1199 358 1236 non
401 1181 507 1257 qui
548 1182 824 1257 patiatur
872 1181 1181 1258 injuriam.
1266 1179 1531 1238 Omnino
1580 1179 1859 1236 omnium
1909 1177 2122 1236 horum

233 1285 529 1344 vitiorum
570 1290 754 1363 atque
799 1285 1319 1342 incommodorum
1371 1303 1496 1341 una
1548 1282 1751 1340 cautio
1796 1285 1892 1340 est
1947 1287 2121 1358 atque

233 1409 359 1446 una
404 1388 688 1465 provisio,
715 1393 791 1446 ut
831 1408 908 1446 ne
949 1389 1133 1446 nimis
1180 1389 1304 1446 cito
1347 1388 1601 1464 diligere
1644 1386 1946 1462 incipiant
1982 1404 2120 1443 neve

232 1513 359 1551 non
388 1493 620 1570 dignos.
704 1493 894 1569 Digni
921 1497 1129 1550 autem
1158 1495 1303 1551 sunt
1330 1491 1613 1561 amicitia,
1642 1491 1866 1567 quibus
1890 1491 1961 1548 in
1989 1490 2119 1568 ipsis

231 1597 391 1655 inest
417 1617 616 1666 causa,
646 1617 757 1654 cur
797 1597 1158 1672 diligantur.
1242 1595 1478 1654 Rarum
1512 1593 1743 1672 genus!
1788 1598 1854 1652 et
1881 1594 2117 1672 quidem

233 1704 440 1761 omnia
483 1704 775 1781 praeclara
816 1721 974 1772 rara,
1017 1721 1132 1760 nec
1186 1702 1523 1780 quidquam
1570 1699 1898 1773 difficilius,
1944 1719 2118 1779 quam

232 1808 515 1884 reperire,
544 1807 708 1884 quod
753 1806 836 1864 sit
865 1806 1030 1863 omni
1077 1826 1155 1863 ex
1180 1809 1355 1882 parte
1380 1804 1447 1861 in
1491 1825 1599 1863 suo
1626 1824 1853 1880 genere
1893 1806 2114 1882 perfec-

233 1907 390 1960 tum.
476 1900 598 1959 Sed
622 1901 900 1978 plerique
939 1920 1138 1978 neque
1166 1901 1230 1959 in
1255 1902 1435 1959 rebus
1461 1900 1747 1959 humanis
1794 1900 2115 1979 quidquam

233 1998 462 2055 bonum
503 1996 752 2067 norunt,
797 1996 918 2053 nisi
971 1996 1136 2074 quod
1197 1996 1585 2054 fructuosum
1628 1996 1727 2065 sit,
1775 2000 1839 2053 et
1884 1998 2113 2062 amicost,

233 2098 549 2170 tamquam
595 2093 874 2168 pecudeS,
904 2112 1004 2151 eos
1050 2093 1441 2169 potissimum
1469 2092 1758 2168 diligunt,
1787 2112 1864 2149 ex
1906 2094 2113 2170 quibus

232 2194 486 2265 sperant
533 2209 596 2247 se
621 2189 962 2246 maximum
1001 2188 1277 2246 fructum
1304 2207 1433 2245 esse
1475 2192 1780 2263 captumst.
1863 2187 1970 2245 Ita
1998 2188 2110 2265 pul-

233 2285 537 2343 cherrima
561 2286 672 2342 illa
697 2288 761 2342 et
785 2285 1052 2342 maxime
1073 2284 1343 2341 naturali
1370 2288 1581 2341 carent
1610 2283 1904 2353 amicitia,
1927 2304 2042 2360 per
2066 2301 2111 2339 se

234 2384 299 2439 et
342 2387 595 2458 propter
637 2400 702 2438 se
745 2380 1103 2456 expetenda,
1143 2398 1255 2436 nec
1304 2379 1424 2454 ipsi
1468 2378 1590 2437 sibi
1638 2379 1919 2455 exemplo
1964 2382 2110 2443 sunt,

233 2476 362 2536 haec
408 2477 502 2536 vis
542 2476 828 2534 amicitiae
870 2476 1066 2552 qualis
1114 2478 1179 2531 et
1224 2479 1459 2551 quanta
1484 2474 1583 2531 sit.
1666 2474 1809 2551 Ipse
1856 2474 2025 2531 enim
2064 2492 2112 2530 se

234 2572 490 2649 quisque
533 2571 754 2647 diligit,
796 2590 922 2630 non
965 2574 1038 2627 ut
1104 2570 1374 2646 aliquam
1420 2588 1458 2627 a
1500 2589 1564 2627 se
1611 2570 1740 2646 ipse
1786 2570 2111 2627 mercedem

234 2668 444 2744 exigat
471 2668 750 2726 caritatis
779 2670 922 2736 suae,
953 2666 1060 2723 sed
1088 2666 1250 2742 quod
1278 2684 1389 2741 per
1416 2684 1479 2722 se
1521 2664 1640 2722 sibi
1666 2663 1922 2742 quisque
1948 2684 2110 2723 carus

235 2770 348 2823 est.
432 2763 608 2837 Quod
648 2764 768 2820 nisi
806 2763 968 2820 idem
1008 2762 1073 2819 in
1114 2760 1449 2818 amicitiam
1492 2761 1915 2831 transferetur,
1943 2779 2109 2820 verus

239 2861 469 2919 amicus
497 2878 832 2936 numquam
851 2858 1209 2934 reperietur.
1292 2856 1407 2914 Est
1433 2857 1596 2914 enim
1622 2857 1673 2913 is
1700 2857 1946 2933 quidem
1972 2862 2108 2915 tam·

237 2974 420 3030 quam
447 2952 605 3010 alter
629 2951 808 3007 idem.
894 2948 1068 3023 Quod
1096 2950 1150 3005 si
1175 2950 1291 3006 hoc
1318 2952 1575 3024 apparet
1600 2947 1668 3003 in
1696 2948 1928 3017 bestiis,
1958 2950 2109 3005 volu-

237 3049 455 3118 cribus,
482 3046 792 3115 nantibuS,
821 3044 1187 3121 agrestibus,
1214 3044 1539 3114 cicuribuS,
1568 3042 1733 3112 feriS,
1762 3044 2033 3119 primum
2058 3050 2109 3099 ut

237 3164 305 3203 se
339 3144 486 3220 ipsae
521 3142 779 3217 diligant
799 3166 814 3197 ι
865 3140 960 3215 (id
996 3140 1161 3197 enim
1196 3140 1429 3215 pariter
1460 3158 1601 3197 cum
1630 3139 1793 3195 omni
1822 3139 2109 3197 animante
