2160 3532
287 261 358 317 66
639 230 644 235 ⁴
715 262 823 319 DE
873 263 1261 319 AMICITIA
1307 262 1743 319 DIALoeth,

285 432 644 508 parentibus
683 434 818 491 nati
856 434 982 492 sint
1021 434 1376 505 humilibus,
1404 436 1458 493 si
1496 434 1878 511 propinquos
1918 432 2059 489 habe

283 534 711 595 imbecilliores
730 538 831 596 vel
855 538 1057 596 animo
1074 538 1177 597 vel
1202 537 1469 611 fortuna,
1491 557 1702 597 eorum
1723 539 1997 613 augeant
2019 554 2048 591 o

285 637 494 715 eisque
533 638 752 698 honori
792 640 918 698 sint
955 644 1020 699 et
1059 640 1392 717 dignitati:
1436 644 1511 699 ut
1550 640 1619 698 in
1653 639 1905 709 fabulis,
1932 636 2033 715 qui
2059 632 2111 691 ali

284 742 580 817 quamdiu
629 746 884 819 propter
933 742 1381 820 ignorationem
1437 742 1651 819 stirpis
1702 745 1769 800 et
1817 740 2054 819 generis
2090 737 2099 748 '

284 844 592 902 famulatu
635 846 887 918 fuerint,
934 865 1129 922 quum
1175 846 1407 924 cogniti
1449 851 1613 917 sunt,
1656 849 1723 902 et
1768 848 1885 903 aut
1933 844 2039 901 deo

283 953 397 1006 aut
440 968 658 1025 regum
703 950 817 1007 filii
867 950 1124 1019 inventi,
1167 931 1441 1008 retinent
1486 952 1697 1007 tamen
1738 947 2060 1006 caritatem
2086 942 2118 999 in

282 1055 576 1125 pastores,
627 1071 777 1129 quos
844 1058 1052 1129 patres
1113 1052 1342 1111 multos
1408 1072 1603 1111 annos
1654 1070 1784 1109 esse
1848 1050 2095 1109 duxerun

285 1153 463 1228 Quod
487 1155 684 1214 multo
721 1156 997 1233 profecto
1022 1139 1219 1233 magis
1256 1156 1327 1214 in
1352 1156 1511 1216 veris
1537 1155 1825 1233 patribus
1872 1154 2079 1226 certisq

259 1245 650 1317 faciendum.
730 1258 996 1318 Fructus
1023 1260 1184 1318 enim
1211 1260 1439 1336 ingenii
1478 1264 1543 1317 et
1566 1258 1819 1317 virtutis
1863 1257 2079 1331 omnisq

281 1361 652 1437 praestantiae
691 1364 829 1419 tum
866 1362 1171 1421 maximus
1209 1362 1471 1439 eapitur,
1502 1380 1693 1438 quum
1719 1360 1788 1417 in
1828 1358 2059 1437 proxim

282 1482 584 1541 quemque
610 1464 940 1522 confertur.

359 1566 680 1625 XX.—Ut
713 1566 908 1644 igitur
933 1567 994 1637 ii,
1024 1566 1133 1643 qui
1169 1572 1317 1626 sunt
1351 1566 1420 1625 in
1459 1566 1747 1625 amieitiae
1788 1564 2115 1653 conjunctio·⁸

279 1670 494 1746 nisque
536 1670 984 1729 necessitudine
1021 1670 1381 1747 superiores,
1425 1688 1743 1748 exaequare
1792 1689 1862 1729 se
1908 1690 2042 1729 eum
2068 1668 2113 1723 in·

192 1771 197 1776 ’
278 1774 604 1832 serioribus
645 1773 900 1832 debent.
943 1775 1030 1834 sio
1069 1775 1393 1833 inferiores
1430 1795 1554 1834 non
1594 1775 1817 1845 dolere,
1864 1795 1933 1834 se
1971 1794 2008 1833 a
2044 1771 2115 1831 sui

279 1880 391 1936 aut
433 1847 679 1953 ingeho
717 1881 828 1935 aut
861 1877 1115 1937 fortuna
1147 1882 1257 1936 aut
1293 1878 1593 1954 dignitate
1631 1879 1937 1956 superari.
2016 1878 2117 1952 Quo·

279 2001 419 2038 rum
458 1980 730 2058 plerique
773 1986 885 2039 aut
923 1986 1269 2059 queruntur
1300 2001 1541 2058 semper
1567 1983 1802 2060 aliquid
1836 1986 1954 2041 aut
1994 1983 2115 2040 etim

279 2086 690 2162 exprobrant:
737 2104 925 2162 eoque
962 2086 1178 2162 magis,
1226 2086 1279 2144 si
1331 2087 1558 2146 habere
1610 2105 1675 2144 se
1716 2091 1967 2162 putant,
2012 2079 2115 2163 quod

278 2188 537 2248 officiose
576 2192 640 2247 et
693 2189 885 2247 amice
933 2193 997 2246 et
1048 2208 1191 2247 cum
1243 2190 1453 2248 labore
1507 2189 1713 2266 aliquo
1769 2207 1885 2248 suo
1938 2191 2113 2249 factum

279 2295 506 2369 queant
547 2292 766 2350 dicere.
851 2291 1145 2352 Odiosum
1186 2311 1331 2351 sane
1371 2313 1566 2371 genus
1605 2292 1949 2364 hominum,
1986 2287 2115 2350 offie'n

279 2393 816 2471 exprobrantium:
883 2415 1018 2472 quae
1079 2395 1426 2454 meminisse
1487 2396 1673 2455 debet
1732 2395 1807 2465 is,
1864 2396 1933 2454 in
1993 2407 2113 2473 quen

279 2498 504 2556 collata
543 2500 707 2567 sunt,
745 2515 866 2554 non
902 2516 1390 2569 commemorare,
1431 2499 1540 2576 qui
1576 2498 1862 2557 contulit.
1946 2499 2115 2572 Quam·

256 2601 488 2664 „obrem
564 2604 638 2659 ut
703 2600 769 2670 ii,
834 2600 942 2676 qui
1009 2603 1355 2677 superiores
1422 2606 1587 2672 sunt,
1652 2602 2041 2660 summittere
2084 2613 2115 2654 ε’

279 2703 505 2761 debent
558 2703 624 2760 in
675 2702 948 2761 amicitia
1002 2702 1088 2760 sie
1144 2703 1407 2780 quodam
1459 2705 1638 2763 modo
1690 2705 2018 2765 inferiores
2058 2721 2115 2760 ex

281 3003 414 3060 fere
472 3001 792 3077 contingit,
850 3001 973 3063 nisi
1026 3002 1117 3072 iis,
1170 3004 1278 3080 qui
1339 3005 1526 3062 etiam
1579 3007 2051 3066 contemnendos

281 3097 709 3167 arbitrantur3
776 3095 886 3172 qui
957 3095 1072 3154 hae
1152 3097 1433 3174 opinione
1505 3119 1631 3158 non
1696 3102 1881 3160 modo
1946 3095 2109 3160 νεὼ*
