2160 3532
275 260 348 317 20
612 262 624 272 “
707 253 815 307 ΒΕ
865 254 1253 309 AMICITIA
1301 252 1735 309 DIALOGUS.

275 424 574 501 Magnum
619 445 773 503 opus
825 429 922 483 est
980 430 1243 503 egetque
1296 424 1733 483 exercitatione
1786 442 1911 481 non
1966 438 2115 499 parva

279 520 704 594 Quamobrem,
762 542 896 600 quae
954 521 1262 597 disputari
1317 522 1392 578 de
1446 520 1721 578 amicitia
1772 522 2054 595 possunt,
2094 516 2114 573 ε’

275 616 384 689 eis,
445 636 682 688 consec,
751 617 993 695 petatis,
1055 616 1165 693 qui
1226 616 1352 674 ista
1415 615 1818 692 profitentur:
1889 632 2005 689 ego
2069 631 2115 669 vu

275 710 460 770 horta
496 712 801 770 ritantum
856 731 1124 790 possum,
1165 716 1239 770 ut
1277 710 1614 769 amicitiam
1658 709 1945 769 omnibus
1992 709 2115 766 rebu

278 806 562 865 humanis
624 806 1049 885 anteponatis:
1127 807 1285 865 nihil
1352 812 1445 865 est
1508 806 1675 865 enim
1731 810 1864 864 tam
1934 810 2115 864 natun

279 906 495 977 aptum
516 906 648 961 tam
667 904 1036 963 conveniens
1063 903 1145 961 ad
1169 923 1269 962 res
1289 904 1390 962 vel
1418 902 1717 962 secundas
1738 903 1839 962 vel
1866 902 2115 961 adversm

282 995 406 1055 Sed
444 998 559 1057 hoc
603 999 873 1075 primum
913 999 1134 1069 senti0,
1172 998 1289 1056 nisi
1334 997 1402 1056 in
1442 998 1627 1057 bonis
1666 997 2007 1056 amicitiam
2045 1014 2114 1055 esu

281 1088 403 1151 non
437 1113 645 1170 posse:
691 1114 888 1173 neque
925 1094 993 1153 id
1033 1095 1114 1153 ad
1150 1095 1365 1153 vivum
1399 1113 1620 1165 reseco,
1646 1099 1720 1153 ut
1756 1094 1867 1165 illi,
1898 1093 2010 1172 qui
2048 1093 2114 1150 ha

280 1188 569 1248 subtilius
625 1190 958 1261 disserunt,
999 1189 1262 1247 fortasse
1304 1209 1463 1259 vere,
1505 1190 1614 1248 sed
1652 1190 1733 1247 ad
1784 1206 2115 1249 communen

278 1285 614 1343 utilitatem
681 1306 935 1364 parum:
1005 1292 1236 1361 negant
1304 1286 1466 1343 enim
1532 1305 1901 1363 quemquam
1968 1286 2115 1343 virm

277 1381 506 1439 bonum
553 1401 698 1451 esse,
742 1381 864 1439 nisi
909 1382 1267 1457 sapientem.
1370 1380 1467 1447 Sit
1507 1381 1598 1440 ita
1642 1400 1824 1440 sane:
1882 1381 1992 1439 sed
2041 1392 2115 1438 ean

280 1476 646 1553 sapientiam
671 1478 1175 1553 interpretantur,
1205 1496 1388 1553 quam
1428 1476 1629 1535 adhuc
1676 1476 1954 1535 mortalis
1993 1496 2072 1533 ne

279 1576 376 1631 est
403 1576 781 1629 consecutus.
847 1571 976 1630 Nos
1003 1575 1212 1630 autem
1241 1591 1329 1643 ea,
1353 1591 1487 1647 quse
1514 1576 1661 1630 sunt
1687 1572 1754 1628 in
1779 1591 1897 1629 usu
1923 1572 2091 1647 vitaq

281 1669 609 1738 communi,
637 1687 762 1725 non
788 1687 876 1738 ea,
903 1687 1040 1744 quae
1065 1667 1390 1744 finguntur
1412 1672 1521 1725 aut
1548 1672 1866 1744 optantur,
1895 1673 2070 1743 spect

280 1764 590 1823 debemus,
687 1764 1042 1841 Numquam
1088 1785 1201 1842 ego
1253 1764 1475 1837 dicam,
1532 1763 1599 1824 O.
1648 1764 2021 1834 Fabricium,

283 1859 556 1928 Curium,
580 1861 671 1918 Ti.
695 1859 1164 1932 Coruncanium,
1186 1880 1337 1937 quos
1359 1861 1666 1938 sapientes
1685 1861 1883 1918 nostri
1908 1863 2075 1938 majo

280 1956 657 2035 judicabant,
675 1956 754 2014 ad
779 1957 1040 2014 istorum
1059 1977 1338 2015 normam
1364 1957 1555 2014 fuisse
1576 1957 1898 2034 sapientes.
1971 1957 2070 2030 Qu

281 2053 400 2111 sibi
441 2053 715 2111 habeant
767 2053 1082 2129 sapientiae
1134 2072 1356 2110 nomen
1411 2057 1475 2111 et
1527 2052 1899 2110 invidiosum
1953 2057 2019 2110 et
2074 2072 2095 2110 ο

283 2169 566 2218 scuram,
627 2149 983 2218 concedant,
1031 2153 1105 2207 ut
1156 2149 1224 2206 hi
1277 2147 1422 2206 boni
1475 2148 1594 2208 viri
1639 2149 1893 2206 fuerint.
1976 2149 2071 2207 Ne

281 2244 530 2322 quidem
561 2243 828 2302 facient:
871 2245 1186 2320 negabunt
1231 2244 1313 2314 id,
1340 2244 1462 2302 nisi
1502 2242 1783 2321 sapienti,
1817 2263 1998 2320 posse
2035 2265 2067 2303 c

283 2341 434 2399 cedi.
507 2340 787 2416 Agamus
813 2340 1006 2416 igitur
1022 2340 1243 2416 pinqui
1270 2341 1547 2410 Minerva,
1577 2345 1650 2397 ut
1675 2340 1865 2397 aiunt.
1937 2339 2060 2412 Qui
2086 2340 2095 2351 “

283 2456 347 2495 se
364 2440 611 2513 gerunt,
629 2437 721 2493 ita
738 2435 979 2506 vivunt,
999 2439 1074 2492 ut
1094 2452 1307 2492 eorum
1324 2433 1617 2510 probetur
1635 2432 1807 2503 fides,
1826 2433 2083 2510 integrit

284 2532 555 2609 aequitas‚
604 2532 962 2602 liberalitas,
1011 2550 1124 2588 nec
1172 2531 1254 2588 sit
1292 2531 1357 2588 in
1402 2531 1488 2588 eis
1536 2528 1665 2587 ulla
1712 2529 2035 2605 cupiditas,

282 2628 486 2698 libido,
534 2628 634 2685 vel
686 2625 957 2697 audacia,
1008 2625 1252 2702 sintque
1305 2644 1533 2701 magna
1582 2625 1953 2696 constantia,
1999 2629 2071 2681 ut

283 2724 554 2794 fuerunt,
571 2722 751 2781 modo
777 2741 928 2798 quos
949 2721 1293 2791 nominavi3
1331 2720 1440 2780 hos
1462 2721 1625 2779 viros
1643 2721 1852 2792 bonos,
1872 2731 1946 2779 ut
1972 2720 2089 2778 hab

285 2823 453 2890 sunt,
496 2817 581 2876 sic
625 2817 813 2874 etiam
855 2816 1244 2893 appellandos
1285 2820 1594 2893 putemus,
1629 2816 1775 2892 quia
1820 2822 2074 2892 sequant

284 2918 588 2993 quantum
647 2912 924 2970 homines
975 2917 1254 2988 possunt,
1310 2910 1970 2988 naturam—optimam
2022 2913 2089 2970 be

285 3008 533 3069 vivendi
575 3007 808 3065 ducem.
893 3005 996 3065 Sic
1035 3007 1202 3064 enim
1242 3006 1395 3066 mihi
1431 3005 1774 3084 perspicere
1816 3006 2043 3077 videor,
2083 3007 2093 3019 ⁶

285 3109 465 3164 natos
493 3122 622 3162 esse
645 3121 776 3172 nos,
804 3106 875 3160 ut
913 3101 1080 3160 inter
1116 3121 1325 3160 omnes
1366 3105 1526 3160 esset
1565 3101 1825 3160 societas
1860 3103 2069 3180 quaeda
