2160 3532
237 255 308 311 48
670 255 778 310 DE
828 252 1214 311 AMICITIA
1263 252 1696 311 DIALOGUS.

238 434 490 509 propter
535 449 668 488 eam
718 429 1121 506 suscipiamus
1162 430 1473 487 molestias
1492 428 1522 487 Ρ
1606 428 1775 503 Quid.
1826 431 1995 489 enim
2042 433 2099 489 in·

238 530 446 595 terest,
490 531 664 583 motu
709 524 898 582 animi
941 526 1206 594 sublatO,
1256 545 1379 583 non
1426 525 1564 583 dico
1603 526 1773 583 inter
1827 527 2101 585 hominem

239 625 306 677 et
332 620 642 695 pecudem,
673 620 782 677 sed
797 620 972 678 'inter
997 619 1311 677 hominem
1350 624 1415 677 et
1458 640 1676 679 saxum
1703 626 1821 679 aut
1845 627 2101 681 truncum

239 722 349 775 aut
395 716 638 792 quidvis
677 716 920 793 generis
963 716 1237 793 ejusdem
1256 714 1285 773 ’ἓ
1366 716 1581 791 Neque
1628 716 1795 775 enim
1839 724 1991 777 sunt
2031 718 2101 775 isti

240 812 546 882 audiendi,
563 812 670 888 qui
687 812 984 869 virtutem
1001 812 1222 869 duram
1241 816 1305 869 et
1326 812 1501 887 quasi
1517 813 1781 870 ferream
1804 816 2103 890 quamdam

241 907 459 964 volunt
483 931 497 966 ε
543 926 678 983 quae
705 906 950 985 quidem
991 911 1087 965 est
1122 927 1314 984 quum
1341 907 1556 966 multis
1582 908 1649 965 in
1675 910 1884 981 rebus,
1912 916 2043 968 tum
2062 912 2103 967 in

241 1004 511 1062 amicitia
562 1009 778 1061 tenera
830 1008 1016 1079 atque
1071 1004 1435 1073 tractabilis,
1485 1008 1559 1062 ut
1610 1009 1674 1062 et
1726 1006 1911 1065 bonis
1957 1006 2105 1065 amici

242 1100 417 1176 quasi
445 1098 832 1157 diffundatur
870 1102 934 1157 et
961 1098 1362 1157 incommodis
1400 1100 1825 1159 contrahatur.
1912 1102 2105 1175 Quam·

242 1197 450 1253 obrem
496 1214 690 1270 angor
732 1195 850 1252 iste
895 1194 1006 1270 qui
1047 1214 1158 1271 pro
1204 1194 1401 1252 amico
1445 1214 1603 1271 saepe
1648 1196 1981 1272 capiendus
2022 1202 2105 1265 est,

242 1312 364 1349 non
391 1296 639 1349 tantum
665 1291 849 1361 valet,
877 1296 951 1347 ut
975 1291 1161 1348 tollat
1188 1310 1221 1347 e
1246 1291 1379 1347 vita
1406 1291 1745 1349 amicitiam
1768 1315 1783 1365 ;
1826 1313 1954 1351 non
1976 1293 2103 1369 plus,

243 1407 428 1464 quam
473 1392 548 1445 ut
590 1387 874 1455 virtutes,
919 1386 1062 1461 quia
1109 1386 1435 1443 nonnullas
1489 1404 1669 1444 curas
1712 1376 1775 1444 et
1828 1388 2105 1445 molestias

243 1484 530 1553 afferunt,
557 1482 978 1559 repudientur.

321 1578 784 1651 XIV—Quum
825 1582 1032 1635 autem
1073 1577 1401 1635 contrahat
1445 1577 1797 1649 amicitiam,
1835 1584 1912 1637 ut
1954 1597 2103 1655 supra

243 1674 389 1743 dixi,
436 1674 490 1732 si
533 1693 656 1749 qua
698 1673 1060 1748 significatio
1108 1673 1366 1731 virtutis
1415 1673 1671 1743 eluceat,
1716 1674 1797 1732 ad
1844 1694 2027 1751 quam
2063 1692 2101 1731 se

244 1771 461 1828 similis
489 1770 730 1828 animus
757 1769 1024 1846 applicet
1048 1775 1113 1827 et
1134 1769 1475 1845 adjungat:
1506 1769 1570 1826 id
1597 1788 1787 1844 quum
1813 1772 2101 1847 contingit,

245 1887 416 1925 amor
441 1866 756 1924 exoriatur
781 1884 1026 1923 necesse
1055 1871 1168 1922 est.
1252 1863 1418 1938 Quid
1440 1865 1603 1922 enim
1623 1870 1753 1923 tam
1782 1853 2100 1932 absurdum,

243 1980 428 2036 quam
468 1959 760 2017 delectari
803 1959 1018 2016 multis
1065 1959 1356 2017 inanibus
1398 1959 1600 2031 rebus,
1642 1963 1717 2016 ut
1770 1959 2018 2030 honore,
2060 1970 2101 2014 ut

241 2056 457 2132 gloria,
485 2059 557 2112 ut
585 2055 854 2125 aedjficio,
883 2058 958 2111 ut
983 2055 1217 2112 vestitu
1250 2055 1545 2130 cultuque
1586 2055 1855 2131 corporis
1875 2079 1892 2126 ‚;
1934 2056 2101 2114 animo

241 2156 450 2208 autem
489 2149 723 2207 virtute
765 2149 1042 2225 praedito,
1082 2168 1169 2219 ec,
1212 2149 1320 2226 qui
1362 2150 1461 2207 vel
1503 2169 1727 2221 amare,
1768 2152 1889 2222 vel,
1931 2156 2006 2209 ut
2046 2151 2101 2206 its

241 2246 458 2316 dicam,
479 2245 798 2302 redamare
824 2244 1032 2320 possit,
1057 2263 1184 2300 non
1207 2244 1543 2301 ¹admodum
1570 2244 1867 2302 delectari
1884 2244 1913 2303 Ρ
1971 2243 2101 2304 Nihil

243 2347 336 2400 est
356 2342 517 2399 enim
544 2340 1036 2398 remuneratione
1054 2339 1518 2410 benevolentiae,
1536 2339 1692 2396 nihil
1714 2340 2100 2400 vicissitudine

241 2437 587 2497 studiorum
653 2435 1109 2512 officiorumque
1161 2435 1508 2511 jucundius.
1580 2434 1790 2509 ,Quod
1843 2429 1900 2496 si
1955 2439 2101 2494 etiam

247 2532 396 2593 illud
433 2531 734 2602 addimuS,
764 2530 927 2606 quod
962 2533 1131 2587 recte
1168 2529 1314 2587 addi
1352 2534 1575 2605 potest,
1602 2531 1755 2588 nihil
1785 2551 1936 2604 esse,
1979 2527 2103 2608 quod

241 2629 320 2686 ad
360 2647 424 2686 se
462 2647 594 2684 rem
620 2627 812 2684 ullam
838 2630 967 2684 tam
995 2625 1227 2683 alliciat
1264 2629 1327 2682 et
1367 2629 1499 2682 tam
1524 2626 1819 2698 attrahat,
1848 2646 2033 2703 quam
2056 2623 2101 2683 ad

241 2722 575 2782 amicitiam
615 2721 986 2792 similitud03
1026 2721 1402 2778 concedetur
1426 2722 1704 2797 profecto
1729 2741 1950 2780 verum
1993 2741 2101 2782 esse„

243 2825 315 2877 ut
357 2820 546 2876 bonos
593 2816 739 2876 boni
783 2817 1062 2893 diligant,
1106 2816 1574 2894 adsciscantque
1618 2818 1736 2876 sibi
1778 2821 1960 2896 quasi
2005 2837 2101 2897 pro·

241 2915 587 2993 pinquitate
634 2912 993 2989 conjunctos
1038 2916 1225 2986 atque
1269 2917 1511 2971 natura.
1610 2913 1783 2970 Nihil
1830 2919 1927 2973 est
1981 2915 2103 2973 enim

241 3007 632 3088 appetentius
673 3006 968 3064 similium
999 3007 1113 3078 sui,
1142 3006 1298 3063 nihil
1340 3008 1639 3084 rapacius,
1669 3027 1859 3084 quam
1896 3015 2101 3068 natura

198 3080 652 3198 Qamobrem
677 3101 794 3160 hoc
821 3101 1089 3177 quidem,
1120 3101 1336 3172 Fanni,
1365 3107 1428 3160 et
1462 3101 1751 3175 Scaevola,
1776 3110 2041 3176 constat,
2062 3112 2101 3159 ut
