2160 3532
281 255 349 312 16
714 256 822 313 DE
870 256 1257 315 AMICITIA
1306 258 1741 315 DIALOGUS.
1832 324 1835 329 .

263 430 350 489 ⁴in
388 430 502 489 hac
541 434 709 489 terra
746 431 1023 503 fuerunt,
1049 450 1462 509 magnamque
1491 432 1807 502 Graeciam,
1844 452 1983 510 quoe
2016 453 2097 490 nu

285 538 536 614 quidem
575 538 778 597 deleta
809 543 922 610 est,
950 544 1100 597 tunc
1126 538 1401 611 florebat,
1431 539 1741 599 institutis
1769 545 1833 598 et
1859 560 2095 619 praecep

286 645 414 707 suis
439 646 833 708 erudierunt:
875 646 977 707 vel
1017 649 1172 725 ejus,
1197 647 1307 723 qui
1332 646 1642 725 Apollinis
1670 648 1919 707 oracula
1944 649 2078 725 sapi

285 754 566 812 tissimus
605 759 702 813 est
739 754 1068 832 judicatae,
1098 756 1206 833 qui
1243 774 1370 813 non
1404 760 1544 830 tum
1582 755 1717 826 hoc,
1744 760 1882 813 tum
1908 755 2083 825 illud,

285 862 352 919 in
396 862 723 941 plerisque,
767 864 876 922 sed
917 863 1084 923 idem
1127 882 1383 941 semper,
1426 863 1674 921 Animos
1722 862 2024 921 homimem

288 968 532 1042 divinos,
571 969 777 1047 ideque,
823 990 1005 1048 qaum
1044 988 1074 1027 e
1111 988 1338 1045 empore
1382 970 1757 1041 emanassent,
1810 971 2068 1030 reditum

290 1077 495 1134 coelum
547 1084 754 1155 patere
811 1077 1142 1155 optimoque
1198 1082 1251 1135 et
1298 1078 1632 1154 justissimo
1690 1078 1899 1156 cuique
1950 1098 2061 1155 exp

289 1183 600 1251 tissimum.
683 1182 863 1257 Quod
899 1183 1051 1245 item
1094 1182 1366 1261 Scipioni
1396 1184 1745 1255 videbatur,
1778 1186 1888 1263 qui
1913 1186 2096 1263 quide

288 1292 464 1367 quasi
489 1292 866 1370 praesagiret,
893 1292 1220 1369 perpaucis
1260 1296 1404 1351 ante
1437 1298 1698 1361 mortem
1723 1294 1963 1365 diebus,
1992 1314 2074 1373 qu

289 1404 354 1458 et
397 1394 616 1458 Philus
661 1406 726 1458 et
767 1400 1059 1459 Manilius
1106 1400 1414 1472 adessent,
1457 1406 1523 1460 et
1568 1402 1675 1460 alii
1727 1402 1934 1480 plures
1989 1408 2098 1480 tuq

289 1508 493 1579 etiam,
535 1506 825 1581 Scaevola,
849 1529 1093 1569 mecum
1132 1510 1425 1580 venisses,
1438 1509 1744 1571 'triduum
1780 1510 2071 1573 disseruit

289 1616 606 1693 republica
621 1640 640 1674 ε
681 1616 861 1694 cujus
899 1616 1337 1693 disputationis
1375 1616 1503 1675 fuit
1544 1610 1893 1675 eittremum
1932 1620 2067 1677 fere

289 1724 750 1784 immortalitate
777 1723 1163 1784 animorum:
1207 1745 1341 1803 quae
1383 1744 1447 1784 se
1488 1726 1555 1784 in
1594 1725 1801 1804 quiete
1837 1745 1949 1805 per
1976 1728 2074 1786 vis

289 1853 366 1891 ex
391 1832 688 1895 Africano
725 1833 970 1898 audisse
1010 1834 1271 1892 dicebat.
1353 1835 1429 1896 Id
1467 1834 1522 1893 si
1556 1835 1654 1892 ita
1693 1839 1806 1907 est,
1847 1840 1922 1893 ut
1956 1836 2090 1918 opt‘

289 1940 585 2018 cujusque
611 1941 853 1998 animus
889 1940 956 1998 in
992 1945 1191 2000 morte
1226 1941 1525 2000 facillime
1558 1943 1765 2001 evolet
1800 1947 2111 2020 tamquam

287 2049 568 2107 custodia
613 2049 1001 2126 vinculisque
1047 2048 1355 2126 corporis3
1408 2049 1510 2108 cui
1562 2070 1879 2114 censemus
1933 2072 2076 2110 curs

287 2156 367 2214 ad
413 2155 558 2214 deos
603 2155 942 2217 faciliorem
987 2155 1197 2228 fuisse,
1242 2176 1427 2234 quam
1471 2155 1796 2234 Scipioni?
1874 2157 2075 2232 Quoci

287 2282 536 2320 maerere
575 2262 692 2320 hoc
733 2263 868 2340 ejus
907 2242 1145 2322 eventu
1172 2283 1387 2321 vereor
1418 2283 1501 2322 ne
1539 2264 1735 2323 invidi
1770 2265 1965 2342 magis
1997 2287 2083 2344 qu

287 2372 468 2430 amici
495 2371 596 2430 sit.
678 2370 792 2433 Sin
815 2374 1026 2430 autem
1051 2370 1162 2428 illa
1188 2369 1450 2442 veriora,
1477 2376 1553 2430 ut
1587 2371 1752 2433 idem
1776 2372 2071 2434 interitus

286 2478 633 2538 animorum
671 2483 736 2536 et
775 2498 1121 2556 corporum,
1168 2498 1281 2536 nec
1326 2479 1491 2538 ullus
1535 2500 1749 2539 sensus
1790 2487 2055 2555 manea-t,

285 2582 438 2640 nihil
463 2581 608 2640 boni
635 2580 817 2640 estin
840 2586 1058 2652 morte,
1084 2582 1169 2640 sic
1190 2586 1355 2640 certe
1374 2582 1533 2640 nihil
1551 2584 1718 2643 mali.
1789 2583 1986 2644 Sensu
2012 2587 2120 2670 eni¹

283 2687 522 2756 amisso,
551 2683 626 2743 fit
659 2685 844 2756 idem,
882 2686 1056 2764 quasi
1090 2691 1277 2744 natus
1311 2706 1435 2744 non
1475 2691 1637 2750 esset
1675 2689 1953 2760 omnin03
1993 2695 2121 2790 quel

285 2797 493 2850 tamen
545 2809 676 2850 esse
729 2794 948 2849 natum
981 2793 1052 2848 et
1094 2809 1207 2849 nos
1260 2790 1615 2868 gaudemus,
1659 2797 1723 2850 et
1764 2793 1895 2852 haec
1934 2795 2121 2860 civito]

285 2893 434 2952 dum
487 2891 625 2963 erit,
671 2892 1006 2951 laetabitur.
1111 2892 1522 2965 Quamobrem
1574 2914 1717 2954 cum
1755 2895 1861 2955 illo
1908 2897 2121 2975 quiden

284 3001 357 3055 ut
398 3016 586 3074 supra
625 2995 773 3068 dixi,
801 3000 1008 3054 actum
1045 2997 1280 3074 optime
1307 3001 1418 3064 est,
1444 3016 1687 3058 mecum
1712 2998 2121 3242 incommodi}

284 3109 466 3178 quem
517 3099 724 3158 fuerat
775 3099 1025 3175 sequius,
1080 3103 1155 3157 ut
1206 3099 1583 3172 introieram,
1639 3100 1727 3160 sic
1780 3103 1952 3178 prius
2010 3105 2105 3164 ex'

2111 3297 2121 3517 1
