2160 3532
1626 138 1683 211 Φ

230 270 268 323 8
657 270 763 324 DE
813 267 1198 325 AMICITIA
1246 267 1674 323 DIALOGUS.
1790 290 1797 298 ·

221 440 286 497 in
324 439 644 498 hominnm
681 445 964 499 veterum
1004 440 1375 501 auctoritate
1416 444 1480 497 et
1520 457 1731 497 eornm
1756 437 2124 495 illustrinm'

220 545 360 621 plus
381 546 583 603 nescio
603 563 724 622 quo
745 549 926 622 pacto
946 544 1199 604 videtur
1216 544 1439 603 habere
1465 543 1812 620 gravitatis.
1896 543 2093 619 Itaqn

221 648 352 725 ipse
390 667 529 706 mea.
566 648 778 725 legens
806 631 892 706 sic
919 646 1150 707 afficior
1187 646 1517 719 interdum,
1546 651 1621 704 nt
1649 644 1967 716 Catonem,
1998 666 2082 703 no

222 769 321 807 me
360 750 529 829 loqui
570 750 933 809 existimem.
1018 749 1159 821 Sed,
1200 753 1273 806 ut
1310 754 1451 807 tum
1476 748 1557 807 ad
1583 768 1788 807 senem
1826 768 2022 807 senex
2051 749 2096 805 d

222 857 555 923 senectute,
612 853 702 911 sic
754 852 870 911 hoc
922 853 1082 911 libro
1134 853 1214 910 ad
1264 853 1529 909 amicum
1582 852 1993 911 amicissimus
2048 853 2092 910 d

223 956 494 1014 amicitia
526 957 763 1033 scripsi.
847 956 1006 1013 Tum
1033 960 1127 1013 est
1158 954 1311 1015 Cato
1338 956 1597 1026 locutus,
1627 976 1747 1035 quo
1774 960 1910 1014 erat
1937 977 2123 1015 nemo

223 1060 354 1117 fere
406 1061 610 1119 senior
661 1060 1042 1137 temporibus
1083 1060 1226 1129 illis,
1275 1077 1451 1117 nemo
1498 1058 1893 1136 prudentior:
1954 1080 2091 1118 nnn

224 1164 464 1234 Laelins,
504 1168 567 1221 et
605 1164 865 1240 sapiens,
898 1163 1019 1239 (sic
1059 1164 1225 1221 em‘m
1268 1168 1367 1221 est
1404 1162 1707 1239 habitns,)
1740 1169 1804 1222 et
1829 1164 2073 1222 amiciti

223 1268 418 1345 gloria
460 1268 782 1339 excellens,
822 1268 897 1327 de
943 1268 1217 1328 amicitia
1257 1268 1546 1346 loquitur.
1628 1269 1723 1326 Tu
1761 1268 1949 1328 velim
1991 1270 2121 1326 ani-

226 1589 366 1660 post
403 1589 665 1641 mortem
692 1582 1005 1642 Africani:
1050 1582 1129 1640 ab
1154 1582 1250 1641 his
1280 1602 1478 1641 sermo
1518 1582 1752 1653 oritur3
1793 1582 2119 1659 respondet

229 1687 468 1759 Laelius,
511 1691 690 1765 cujus
737 1693 870 1745 tota
922 1687 1256 1764 disputatio
1312 1690 1407 1745 est
1460 1686 1537 1745 de
1591 1686 1882 1757 amicitia,
1935 1707 2117 1764 quam

226 1792 438 1869 legens
467 1797 540 1850 tu
565 1797 628 1850 te
657 1792 787 1869 ipse
814 1811 1160 1867 cognosces,

307 1895 751 1955 11.--mes.
836 1895 1000 1953 Sunt
1049 1895 1194 1966 ista,
1239 1893 1423 1953 Laeli!
1506 1895 1634 1953 Nec
1688 1895 1850 1952 enim
1902 1895 2117 1953 melior

228 2001 325 2059 vir
370 2000 494 2057 fuit
533 1997 831 2058 Africano
880 1999 1205 2076 qnisquam
1257 2018 1370 2056 nec
1416 1999 1658 2057 clarior.
1740 1997 1863 2057 Sed
1908 1998 2117 2056 existi-

228 2124 396 2162 mare
436 2104 620 2161 debes
659 2102 934 2160 omnium
971 2101 1182 2160 oculos
1220 2121 1387 2159 nnnc
1426 2103 1496 2159 in
1527 2106 1591 2160 te
1618 2121 1751 2160 esse
1774 2103 2118 2178 conjectos;

233 2228 425 2266 unum
465 2212 531 2265 te
571 2206 911 2282 sapientem
952 2210 1016 2263 et
1054 2205 1371 2282 appellant
1416 2209 1481 2264 et
1527 2205 1906 2264 existimant.
1987 2206 2113 2262 'Pri-

229 2312 538 2369 buebatnr
592 2310 708 2367 hoc
761 2309 940 2366 modo
985 2309 1072 2366 M.
1118 2307 1374 2368 Catoni:
1432 2309 1660 2368 scimus
1712 2309 1782 2367 L.
1826 2308 2134 2368 Attiliuxn

231 2391 395 2490 apud
439 2417 647 2489 patres
691 2417 932 2469 nostros
979 2411 1363 2489 appellatum
1398 2429 1533 2470 esse
1584 2411 1921 2490 Sapientem
1934 2438 1956 2483 ;
2012 2415 2117 2472 sed

235 2520 494 2593 uterque
544 2515 664 2573 alio
716 2515 979 2592 quodam
1030 2514 1255 2573 modo:
1320 2515 1599 2587 Attilius,
1656 2516 1802 2593 quia.
1852 2517 2114 2593 prudens

232 2637 363 2676 esse
415 2617 479 2674 in
531 2619 669 2694 jure
721 2618 891 2677 civili
936 2619 1311 2694 putabatur3
1369 2616 1539 2688 Cato,
1589 2619 1735 2696 quia.
1786 2620 2114 2677 multarum

234 2740 438 2778 rerum
480 2741 662 2780 usum
702 2721 1002 2778 habebat:
1053 2721 1284 2796 (multa
1320 2721 1453 2797 ejus
1492 2725 1556 2780 et
1596 2723 1662 2778 in
1701 2728 1917 2781 senatu
1957 2729 2017 2781 et
2053 2725 2113 2781 in

233 2823 369 2881 foro
421 2823 522 2882 vel
576 2824 820 2900 provisa,
871 2824 1213 2900 prudenter
1264 2823 1365 2881 vel
1419 2828 1557 2881 acta,
1623 2829 1970 2883 constanter
2019 2829 2112 2884 vel

235 2945 526 3002 responsa
576 2930 755 2983 acute
809 2926 1169 2984 ferebantur
1190 2925 1237 3000 ε)
1297 2931 1620 3002 propterea
1676 2926 1853 3004 qnasi
1903 2947 2134 3014 cogno-¹

235 3050 379 3089 men
425 3030 555 3107 jam
601 3030 868 3088 habebat
914 3029 983 3086 in
1030 3034 1345 3098 senectute
1388 3030 1700 3106 sapientis
1782 3031 1867 3089 Te
1916 3029 2134 3090 autem¹

238 3135 359 3194 alio
433 3133 699 3212 quodam
760 3133 957 3206 modo,
1007 3153 1134 3191 non
1186 3134 1385 3192 solum
1447 3138 1670 3192 natura
1719 3137 1784 3192 et
1836 3137 2111 3224 moribus,
