2160 3532
271 291 338 345 36
697 292 802 345 DE
853 289 1240 346 AMICITIA
1286 288 1721 345 DIALOGUS.

352 461 667 520 X.--LAE1,.
748 462 979 520 Audite
1023 482 1186 538 ergo,
1217 461 1437 538 optimi
1483 461 1621 532 viri,
1650 480 1739 530 ea,
1782 480 1921 536 quae
1966 460 2130 536 saepis

272 565 419 622 sime
442 565 610 623 inter
635 585 733 622 me
761 571 824 624 et
851 565 1200 642 Scipionem
1229 565 1304 623 de
1344 565 1619 622 amicitia
1660 565 2121 622 disserebantur

271 655 642 745 quamquam
692 669 797 726 ille
850 669 1099 746 quidem
1152 669 1308 726 nihil
1362 669 1668 727 difficilius
1723 687 1853 726 esse
1902 667 2131 725 dicebat

271 791 458 847 quam
498 773 831 831 amicitiam
872 792 1067 850 usque
1103 773 1185 830 ad
1226 777 1571 830 extremum
1606 772 1751 830 vitae
1788 790 2131 848 permanere

271 876 431 934 Nam
457 877 576 948 vel,
605 880 676 934 ut
702 896 828 934 non
854 877 1015 935 idem
1044 875 1378 954 expediret,
1406 875 1678 934 incidere
1706 894 1898 952 saepe3
1946 875 2070 947 vel,
2096 895 2130 930 u·

271 978 348 1036 de
373 979 689 1056 republica
716 999 838 1037 non
865 979 1029 1036 idem
1058 980 1429 1037 sentiretur:
1471 978 1701 1036 mutari
1744 978 1939 1036 etiam
1970 999 2131 1036 more

270 1083 587 1140 hominum
615 1103 771 1160 saepe
799 1083 1240 1154 dicebat,·alias
1268 1083 1541 1141 adversis
1569 1084 1771 1154 rebus,
1800 1084 1959 1142 alias
1988 1089 2131 1143 aetat

271 1186 752 1262 ingravescente.
819 1185 1026 1262 Atque
1053 1204 1266 1243 earum
1286 1205 1496 1243 rerum
1522 1186 1873 1262 exemplum
1899 1206 1984 1244 ex
2002 1187 2129 1244 simi

271 1291 529 1348 litudine
551 1290 831 1368 capiebat
857 1290 1127 1348 ineuntis
1156 1290 1373 1360 aetatiS,
1396 1289 1561 1366 quod
1582 1290 1806 1347 summi
1830 1309 2131 1367 puerorun

271 1415 509 1454 amores
535 1415 692 1472 saepe
717 1415 844 1453 una
870 1415 1012 1454 cum
1051 1400 1353 1473 praetexta
1379 1400 1786 1472 ponerentur3
1828 1395 1929 1453 siu
1958 1400 2131 1454 auten

270 1498 350 1556 ad
376 1498 853 1557 adolescentiam
879 1497 1330 1574 perduxissent,
1360 1496 1570 1555 dirimi
1598 1501 1807 1556 tamen
1845 1497 2130 1556 interdun

271 1593 652 1659 contentione
673 1600 774 1658 vel
793 1600 1024 1658 uxoriae
1044 1599 1414 1658 conditionis
1435 1599 1537 1658 vel
1557 1601 1859 1658 commodi
1881 1600 2073 1680 alicuj

271 1705 435 1781 quod
461 1704 624 1761 idem
663 1702 916 1780 adipisci
956 1708 1217 1781 uterque
1258 1723 1383 1761 non
1428 1708 1657 1782 posset.
1740 1703 1920 1779 Quod
1970 1704 2024 1763 si
2066 1726 2101 1783 q

271 1808 512 1884 longius
537 1808 604 1864 in
645 1808 922 1865 amicitia
962 1807 1236 1884 provecti
1281 1814 1505 1877 essent,
1533 1811 1745 1866 tamen
1794 1826 1956 1884 saepe
2002 1809 2071 1867 la

272 1911 511 1982 factari,
541 1912 594 1969 si
620 1912 687 1969 in
713 1912 960 1970 honoris
988 1910 1442 1969 contentionem
1482 1912 1880 1971 incidissent:
1924 1918 2124 1990 peste

273 2017 436 2074 enim
461 2017 755 2094 majorem
783 2036 914 2074 esse
940 2016 1179 2073 nuUam
1204 2015 1271 2072 in
1298 2016 1605 2086 amicitiis,
1633 2036 1820 2093 quam
1843 2016 1911 2074 in
1954 2018 2061 2094 ple
2094 2018 2103 2031 ⁹

271 2140 388 2197 que
415 2120 687 2198 pecuniae
714 2118 1135 2196 cupiditatem,
1163 2118 1231 2176 in
1258 2119 1507 2195 optimis
1533 2120 1878 2197 quibusque
1920 2120 2050 2179 hon

272 2228 581 2283 certamen
607 2228 668 2280 et
699 2223 940 2298 gloriae3
983 2241 1057 2279 ex
1101 2240 1221 2298 quo
1259 2222 1616 2280 inimicitias
1656 2206 1963 2283 maximas
2014 2247 2048 2283 s

270 2329 430 2385 inter
469 2326 868 2384 amicissimos
911 2326 1234 2383 exstitisse.
1316 2326 1549 2402 Magna
1596 2326 1759 2383 enim
1806 2327 2075 2387 dissidia

272 2432 626 2507 plerumque
670 2428 844 2505 justa
884 2428 1067 2497 nasci,
1098 2447 1289 2504 quum
1330 2428 1567 2505 aliquid
1611 2429 1689 2486 ab
1738 2430 1977 2500 amicis,
2008 2454 2053 2510 q

271 2537 508 2589 rectum
534 2550 657 2589 non
685 2536 863 2602 esset,
892 2532 1327 2607 postularetur,
1358 2536 1429 2588 ut
1457 2536 1568 2589 aut
1597 2532 1871 2591 libidinis
1900 2536 2059 2592 min'

271 2640 378 2693 aut
404 2635 720 2716 adjutores
748 2638 955 2691 essent
975 2634 1053 2691 ad
1073 2634 1388 2711 injuriam.
1463 2635 1642 2709 Quod
1662 2636 1770 2713 qui
1789 2656 2049 2696 recusar

272 2739 550 2814 quamvis
578 2738 834 2795 honeste
861 2737 924 2794 id
951 2737 1249 2809 facerent,
1276 2739 1381 2816 jus
1422 2744 1627 2796 tamen
1670 2740 1963 2801 amicitioe
2004 2744 2047 2800 d

272 2861 404 2899 rere
445 2845 856 2917 arguerentur
901 2840 979 2897 ab
1021 2840 1119 2911 iis,
1148 2840 1371 2917 quibus
1418 2841 1674 2918 obsequi
1715 2844 1991 2917 nollent3
2042 2846 2054 2859 ⁹

271 2949 496 3016 autem,
565 2942 673 3020 qui
737 2942 982 3019 quidvis
1048 2942 1129 3000 ab
1197 2944 1393 3003 amico
1474 2947 1775 3004 auderent
1840 2951 2049 3025 postu]

274 3047 684 3126 postulatione
751 3045 886 3121 ipsa
963 3046 1260 3121 profiteri,
1330 3048 1537 3105 omnia
1600 3068 1666 3106 se
1733 3050 1917 3109 amici

278 3164 409 3201 csse
455 3144 749 3200 facturos.
833 3139 1062 3197 Eorum
1103 3142 1351 3216 querela
1390 3142 1767 3201 inveteratas
1815 3165 1940 3201 non
1994 3166 2057 3203 m
