2160 3532
259 257 328 313 32
688 260 794 314 DE
845 259 1230 314 AMICITIA
1278 259 1711 314 DIALOGUS.

263 430 528 487 alterum
594 435 852 507 propter
933 429 1366 488 crudelitatem
1430 449 1672 507 semper
1733 428 1865 488 haec
1937 430 2111 538 civitas

262 531 479 590 oderit.

342 635 719 709 IX—.Qu0d
747 636 801 694 si
828 639 1008 695 tanta
1035 636 1130 694 vis
1158 635 1487 713 probitatis
1514 639 1627 706 est,
1655 639 1730 694 ut
1762 653 1911 693 eam
1952 635 2111 696 velin
2116 687 2118 690 Α

263 739 369 812 eie,
419 760 571 817 quos
611 760 947 817 numquam
987 741 1271 811 vidimus,
1313 740 1432 806 vel,
1476 740 1640 815 quod
1682 741 1893 815 majus
1937 744 2049 810 est,
2078 739 2113 795 in

260 843 436 902 hoste
463 845 650 902 etiam
677 844 1007 920 diligamus
1030 869 1044 902 ε
1090 844 1240 921 quid
1266 843 1508 916 mirum,
1538 844 1590 902 si
1616 827 2113 903 animf'hominun

261 954 642 1020 moveantur,
670 969 861 1029 quum
887 969 1115 1018 corum,
1142 949 1510 1026 quibuscum
1536 968 1655 1026 usu
1680 948 2003 1028 conjuncti
2026 967 2113 1006 esso

261 1057 538 1130 possunt,
567 1054 866 1113 virtutem
892 1058 956 1111 et
998 1052 1346 1111 bonitatem
1387 1053 1733 1131 perspicere
1776 1053 2113 1114 videantur?

265 1158 652 1238 Quamquam
689 1158 1093 1218 confirmatur
1138 1178 1310 1217 amor
1355 1164 1420 1217 et
1459 1159 1755 1218 beneficio
1795 1165 2048 1238 accepto

262 1261 466 1320 studio
524 1239 848 1339 perspecto
913 1266 979 1319 et
1032 1261 1481 1320 consuetudine
1534 1261 1871 1338 adjuncta3
1932 1263 2101 1338 quibu

261 1366 445 1424 rebus
486 1364 568 1424 ad
616 1365 796 1424 illum
837 1365 1111 1443 primum
1150 1370 1388 1424 motum
1428 1365 1619 1424 animi
1658 1370 1723 1423 et
1774 1367 2003 1425 amoris
2047 1367 2105 1424 ad

262 1575 648 1658 magnitudo.
730 1574 925 1648 Quam
955 1573 1007 1632 si
1035 1593 1144 1649 qu1
1170 1577 1398 1649 putant
1426 1572 1507 1630 ab
1546 1573 1977 1631 imbecillitate
2018 1595 2057 1651 p

263 1677 474 1748 ficisci,
502 1681 576 1735 ut
603 1677 704 1749 sit,
732 1696 845 1754 per
871 1695 1054 1753 quem
1079 1676 1338 1753 quisque
1380 1679 1761 1752 assequatur,
1790 1676 1957 1752 quod
1996 1676 2115 1734 desi

263 1772 475 1844 deret3
503 1772 798 1831 humilem
825 1792 973 1830 sane
1001 1772 1365 1848 relinquunt
1392 1776 1456 1830 et
1494 1772 1745 1830 minime
1771 1792 2029 1849 generos

262 2057 588 2115 minimum
614 2058 679 2115 in
705 2077 769 2117 se
797 2077 927 2116 esse
955 2059 1381 2128 armti-aretur,
1409 2057 1501 2117 ita
1528 2058 1609 2115 ad
1633 2059 1967 2117 amicitiam
1994 2075 2119 2118 esset

260 2154 649 2230 aptissimus:
694 2154 858 2230 quod
884 2154 1064 2230 longe
1086 2172 1258 2211 secus
1278 2161 1390 2211 est.
1460 2153 1552 2212 Ut
1572 2154 1737 2212 enim
1752 2154 2011 2232 quisque
2040 2152 2119 2213 sibi

259 2249 596 2328 plurimum
650 2250 922 2321 confidit,
963 2254 1028 2307 et
1073 2254 1148 2307 ut
1199 2248 1458 2325 quisque
1499 2248 1763 2307 maxime
1802 2249 2040 2308 virtute
2087 2262 2124 2313 et¹

261 2345 562 2424 sapientia
588 2345 676 2404 sic
718 2345 994 2403 munitus
1023 2349 1137 2415 est,
1165 2349 1238 2402 ut
1273 2344 1445 2402 nullo
1473 2348 1653 2420 egeat
1692 2364 1922 2421 suaque
1948 2326 2124 2403 omniz'

260 2444 327 2501 in
369 2462 435 2501 se
478 2442 613 2518 ipso
659 2441 862 2518 posita
901 2440 1139 2518 judicet
1164 2464 1178 2498 ε
1222 2440 1317 2498 ita
1356 2439 1422 2497 in
1469 2439 1757 2499 amicitiis
1797 2440 2119 2518 expetendis

261 2538 650 2613 colendisque
685 2537 950 2595 maxime
988 2536 1254 2593 excellit.
1337 2534 1500 2609 Quid
1527 2536 1691 2593 enim
1708 2533 1738 2593 Ρ
1819 2535 2121 2595 Africanus

258 2635 544 2709 indigens
564 2630 732 2690 mei?
789 2630 1046 2689 Minime
1074 2630 1279 2688 hercle
1300 2628 1313 2688 ἔ
1356 2650 1426 2692 ac
1447 2650 1523 2687 ne
1543 2650 1659 2707 ego
1678 2631 1925 2706 quidem
1944 2632 2119 2689 illius:

261 2730 368 2789 sed
408 2748 520 2806 ego
559 2726 962 2785 admiratione
988 2726 1256 2801 quadam
1280 2725 1531 2784 virtutis
1571 2728 1723 2804 ejuS,
1751 2725 1857 2784 ille
1882 2726 2119 2786 vicissim

261 2824 547 2903 opinione
566 2823 830 2880 fortasse
859 2821 1171 2893 nonnulla,
1190 2841 1374 2899 quam
1396 2822 1471 2879 de
1491 2821 1643 2880 meis
1669 2822 1941 2880 moribus
1968 2822 2119 2881 habe

262 2922 390 2992 bat,
417 2938 516 2976 me
545 2918 795 2988 dilexit3
835 2917 1011 2975 auxit
1036 2918 1528 2975 benevolentiam
1555 2918 1950 2977 consuetudo.
2034 2916 2121 2978 Sed

261 3035 634 3095 quamquam
669 3014 977 3072 utilitates
1013 3013 1226 3072 multoe
1257 3017 1323 3071 et
1356 3032 1598 3089 magnoe
1625 3019 1963 3073 consecutae
1988 3020 2121 3079 sunt

265 3132 387 3171 non
414 3116 562 3171 sunt
584 3116 793 3169 tamen
819 3109 896 3166 ab
923 3128 1137 3166 earum
1163 3128 1270 3184 spe
1298 3127 1495 3167 causae
1522 3107 1817 3184 diligendi
1844 3108 2123 3185 profecta

490 3249 544 3260 n—
597 3254 602 3258 ,
