2160 3532
218 253 288 307 42
653 252 759 306 DE
810 249 1198 306 AMICITIA
1246 249 1681 307 DIALOGUS.

168 419 178 514 ἶ
220 425 468 484 futuros
497 443 674 482 casus
701 425 1073 501 reipublicoe.
1158 424 1429 482 Deflexit
1476 424 1640 482 enim
1678 424 1810 500 jam
1853 424 2120 500 aliquan-

171 517 178 531 ’
220 533 426 591 tulum
455 532 529 590 de
547 532 748 609 spatio
769 532 1195 610 curriculoque
1220 530 1598 590 consuetudo
1625 533 1966 610 majorum.
2054 533 2120 588 Ti.

227 641 541 702 Gracchus
581 661 844 717 regnum
881 660 1180 718 occupare
1220 645 1483 698 conatus
1529 644 1658 711 est3
1699 641 1802 698 vel
1834 641 2119 716 regnavit

208 749 551 827 {squidem
593 768 820 826 paucos
863 765 1183 820 menses-1
1206 749 1374 806 Num
1413 748 1567 825 quid
1613 748 1814 807 simile
1864 750 2134 826 populus¹

227 860 542 918 Romanus
603 858 890 916 audierat
934 862 1047 915 aut
1100 857 1343 915 viderat
1366 855 1396 915 Ρ
1505 857 1691 915 Hunc
1744 857 1947 915 etiam
2006 847 2134 932 post?

226 972 486 1026 mortem
512 967 712 1025 secuti
739 965 922 1023 amici
963 969 1027 1022 et
1066 964 1403 1041 propinqui
1448 964 1597 1040 quid
1633 964 1700 1022 in
1740 964 1811 1021 P.
1842 963 2121 1041 Scipione

228 1075 565 1146 effecerint,
595 1075 729 1133 sine
778 1073 1046 1132 lacrimis
1095 1093 1219 1131 non
1268 1092 1425 1150 queo
1468 1073 1688 1131 dicere.
1769 1073 1946 1131 Nam
1994 1073 2119 1132 Car·

226 1186 469 1256 bouem,
541 1201 786 1259 quoquo
859 1180 1040 1238 modo
1094 1180 1425 1257 potuimus,
1496 1185 1749 1257 propter
1816 1187 2119 1239 recentem

227 1312 473 1371 poenam
502 1290 595 1348 Ti.
617 1288 882 1349 Gracchi
909 1289 1335 1348 sustinuimus.
1417 1289 1513 1346 De
1536 1287 1606 1348 O.
1632 1287 1901 1346 Gracchi
1922 1294 2119 1347 autem

164 1400 555 1500 Qbunatu
594 1396 746 1475 quid
785 1402 1151 1474 exspectem,
1180 1417 1304 1456 non
1331 1397 1483 1455 libet
1508 1396 1817 1474 augurari.
1924 1397 2116 1475 Serpit

230 1508 449 1568 deinde
491 1526 606 1578 ree,
649 1526 787 1585 quae
828 1505 1167 1583 proclivius
1206 1505 1287 1564 ad
1327 1505 1679 1582 perniciem,
1708 1524 1905 1581 quum
1946 1508 2115 1566 semel

230 1617 436 1695 coepit,
465 1615 713 1674 labitur.
811 1613 1075 1683 Videtis,
1104 1613 1172 1670 in
1198 1613 1429 1672 tabella
1454 1614 1585 1690 jam
1611 1616 1759 1670 ante
1785 1618 2033 1688 quanta
2058 1615 2111 1672 sit

230 1725 400 1785 facta
444 1724 612 1784 labes
659 1723 861 1801 primo
912 1721 1179 1783 Gabinia
1241 1722 1395 1800 lege,
1438 1721 1684 1781 biennio
1731 1726 1945 1781 autem
1996 1739 2110 1801 post

233 1833 465 1894 Cassia.
571 1832 799 1892 Videre
849 1833 979 1909 jam
1031 1830 1247 1890 videor
1298 1830 1600 1908 populum
1652 1850 1691 1890 a
1733 1836 1959 1889 senatu
2019 1832 2107 1889 dis

230 1940 535 2015 junctum,
582 1937 1126 2015 multitudinisque
1192 1937 1451 1995 arbitrio
1501 1956 1602 1995 res
1654 1936 1953 1997 maximas
2012 1939 2107 2015 agi.

232 2047 451 2106 Plures
485 2047 650 2105 enim
695 2046 933 2105 discent
987 2045 1504 2123 quemadmodum
1546 2044 1679 2103 haec
1722 2044 1893 2116 fiant,
1944 2067 2106 2123 quam

231 2155 748 2235 quemadmodum
791 2154 892 2213 his
931 2155 1281 2214 resistatur.
1278 2169 1336 2236 Δ
1365 2154 1677 2229 Quorsum
1700 2155 1831 2213 haec
1853 2152 1883 2213 P
1968 2156 2105 2230 Quia

231 2266 365 2324 sine
384 2265 564 2324 sociis
584 2284 762 2323 nemo
783 2263 1122 2341 quidquam
1138 2265 1262 2323 tale
1281 2270 1557 2324 conatur.
1638 2263 2105 2341 Praecipiendum

233 2379 329 2433 est
353 2374 550 2451 igitur
571 2374 765 2446 boniS,
793 2378 884 2446 ut,
915 2373 969 2432 si
992 2373 1059 2430 in
1088 2374 1392 2452 ejusmodi
1425 2374 1725 2433 amicitias
1750 2374 1953 2450 ignari
1982 2397 2103 2435 casu

231 2483 436 2559 aliquo
477 2481 821 2554 inciderint,
859 2502 936 2541 ne
979 2482 1331 2541 existiment
1374 2483 1467 2541 ita
1510 2502 1575 2541 se
1620 2484 1921 2559 alligato&
1948 2491 2029 2543 ut
2054 2486 2103 2543 ab

231 2586 444 2645 amicis
488 2586 556 2643 in
596 2606 664 2644 re
707 2586 955 2663 publica
999 2585 1399 2664 peccantibus
1446 2605 1571 2644 non
1618 2585 1970 2646 discedant:
2016 2590 2101 2647 im-

232 2690 440 2768 probis
481 2678 690 2748 autem
730 2708 915 2766 poena
959 2687 1291 2747 statuenda
1316 2694 1445 2748 est:
1488 2709 1603 2748 nec
1628 2708 1774 2749 vero
1810 2689 2009 2749 minor
2034 2693 2099 2761 iis,

232 2796 341 2875 qui
383 2795 578 2854 secuti
625 2800 808 2853 erunt
860 2795 1147 2865 alterum,
1192 2813 1378 2872 quam
1422 2794 1517 2865 iis,
1564 2794 1673 2871 qui
1724 2794 1842 2870 ipsi
1890 2794 2099 2855 fuerint

233 2901 566 2977 impietatis
593 2900 796 2957 duceS.
883 2898 1036 2973 Quis
1063 2899 1289 2958 clarior
1312 2899 1380 2956 in
1408 2898 1645 2959 Graecia
1673 2898 2097 2962 Themistocle?

233 3005 373 3083 quis
425 3002 738 3079 potentior
754 3000 784 3060 Ρ
896 3001 1019 3076 Qui
1062 3023 1252 3080 quum
1308 3002 1644 3079 imperator
1684 3002 1844 3061 bello
1883 3003 2097 3066 Persico

233 3107 536 3167 servitute
582 3104 884 3165 Graeciam
926 3105 1247 3164 liberasset
1292 3110 1663 3183 propterque
1715 3105 2009 3168 invidiam
2060 3113 2095 3169 in
