2160 3532
215 261 287 318 28
527 229 533 239 ’
653 267 760 321 DE
809 266 1197 322 AMICITIA
1240 255 1673 323 DIALOGUs.

215 434 381 511 quod
425 434 625 494 facere
667 435 789 514 ipsi
835 456 960 495 non
1003 441 1273 514 possent,
1317 437 1385 496 id
1424 443 1601 496 recte>
1631 437 1765 496 fieri
1804 436 1874 495 in
1924 439 2121 497 altero

214 537 574 615 judicarent.
641 539 982 612 ⁴Hactenus
1028 541 1185 599 mihi
1230 541 1461 614 videor,
1508 543 1585 601 de
1635 541 1915 601 amicitia
1972 544 2121 621 quid

215 643 526 715 sentirem,
593 641 865 722 potuisse
919 645 1142 704 dicere.
1267 645 1335 704 Si
1396 665 1517 724 qua
1584 650 1881 724 praeterea
1950 653 2121 716 sunt,

219 743 431 820 (credo
451 777 458 792 ι
481 751 692 804 autem
745 767 875 806 esse
926 749 1127 806 multa
1148 747 1195 824 ε)
1254 749 1333 807 ab
1385 748 1481 819 iis,
1526 749 1581 806 si
1626 747 1965 820 videbitur,
2022 753 2125 826 qni

214 848 339 907 ista
365 849 707 927 disputant,
736 852 1074 930 quaeritote.

293 953 476 1013 sz.
558 955 686 1014 Nos
713 960 926 1014 autem
952 975 990 1014 a
1014 960 1080 1015 te
1122 957 1333 1034 potius
1350 981 1367 1016 ε
1408 977 1783 1036 quamquam
1812 957 2023 1016 etiam
2054 961 2123 1018 ab

213 1057 353 1118 istis
385 1079 544 1136 saepe
577 1060 833 1138 quaesivi
869 1065 934 1118 et
971 1061 1181 1121 audivi
1214 1082 1340 1120 non
1371 1061 1606 1122 invitus
1642 1061 1971 1140 equidem3
2019 1065 2123 1123 sed

212 1163 381 1221 aliud
407 1164 714 1242 quoddam
739 1163 914 1221 filum
941 1164 1238 1223 orationis
1265 1169 1409 1225 tuae.

295 1265 480 1326 θοῶν.
563 1267 722 1326 Tum
737 1268 934 1344 magis
951 1268 1015 1325 id
1033 1268 1281 1339 ὤσει-98,
1301 1268 1514 1340 Fanni,
1535 1269 1803 1346 sinuper
1818 1267 1887 1326 in
1915 1269 2125 1328 hortis

215 1369 534 1448 Scipioni3‚
561 1391 751 1450 quum
777 1375 871 1430 est
898 1371 973 1430 de
1001 1371 1321 1448 republica
1348 1372 1753 1449 disputatum,
1780 1371 2124 1433 adfuisses.

214 1473 429 1548 Qualis
475 1479 613 1532 tum
666 1480 960 1552 patronus
1013 1475 1273 1551 justitiae
1315 1475 1442 1535 fuit
1486 1482 1704 1535 contra
1749 1483 2123 1538 accuratam

211 1579 551 1638 orationem
578 1579 778 1637 Phili!

288 1684 472 1741 Fun«.
556 1683 760 1741 Facile
779 1684 846 1742 id
861 1685 1111 1762 quidem
1129 1685 1273 1758 fuit,
1291 1685 1598 1763 justitiam
1612 1684 1961 1764 justissimo
1984 1689 2126 1748 viro

210 1759 558 1837 defenderess

293 1874 475 1935 ScAEv.
559 1874 724 1949 Quid
750 1876 1086 1935 amicitiam
1105 1875 1135 1935 P
1202 1876 1422 1936 Nonne
1449 1877 1633 1936 facile
1652 1878 1728 1950 ei,
1749 1878 1857 1956 qui
1873 1880 1957 1939 ob
1976 1900 2123 1941 eam

209 1991 448 2029 summa
473 1970 592 2029 fide
631 1972 982 2031 constantia
1021 1972 1383 2050 justitiaque
1424 1977 1733 2031 servatam
1772 1975 2123 2036 maximam

209 2066 471 2143 gloriam
498 2067 732 2143 ceperit
751 2065 780 2124 Ρ
2016 2123 2035 2137 ,

286 2162 704 2222 VEL—Lm.
784 2163 934 2222 Vim
987 2163 1104 2223 hoc
1158 2163 1404 2242 quidem
1451 2168 1547 2222 est
1596 2164 1851 2223 afferre!
1908 2167 2122 2241 -Quid

207 2259 375 2317 enim
413 2259 623 2329 refert,
652 2279 774 2336 qua
792 2279 892 2317 me
917 2259 1239 2335 rogatione
1280 2259 1513 2336 cogatis
1534 2258 1564 2318 Ρ
1650 2259 1887 2337 Cogitis
1915 2269 2121 2323 certe.

209 2354 452 2413 Studiis
488 2355 653 2413 enim
691 2374 1055 2431 generorum
1103 2356 1443 2431 praesertim
1487 2355 1554 2413 in
1596 2374 1663 2413 re
1704 2356 1881 2427 bona,
1910 2376 2123 2435 qutun

207 2451 450 2509 difficile
522 2455 635 2522 est,
702 2455 840 2508 tum
913 2470 992 2508 ne
1063 2470 1308 2528 aequum
1366 2438 1629 2528 'quidem
1704 2451 2123 2512 obsistere.—

209 2546 556 2624 Soepissime
593 2545 790 2621 igitur
829 2546 983 2603 mihi
1023 2545 1100 2603 de
1154 2546 1425 2605 amicitia
1479 2545 1782 2622 cogitanti
1836 2550 2121 2611 maxime

204 2642 363 2699 illud
387 2641 902 2701 considerandum
926 2641 1127 2700 videri
1168 2643 1341 2713 solet,
1370 2661 1522 2700 num
1547 2646 1803 2719 propter
1828 2643 2121 2704 imbecil-

205 2740 448 2798 litatem
500 2742 685 2815 atque
739 2738 1007 2814 inopiam
1063 2737 1412 2797 desiderata
1450 2738 1533 2797 sit
1576 2737 1864 2807 amicitia,
1912 2744 1992 2797 ut
2047 2743 2123 2801 in

206 2835 425 2893 dandis
463 2832 952 2912 recipiendisque
989 2834 1243 2905 meritis,
1272 2835 1436 2912 quod
1476 2835 1733 2914 quisque
1759 2835 1965 2893 minus
1994 2858 2122 2915 per

207 2948 272 2988 se
299 2928 428 3006 ipse
454 2932 677 3005 posset,
696 2926 761 2984 id
787 2927 1093 3004 acciperet
1114 2928 1193 2985 ab
1218 2929 1359 3000 alio,
1379 2928 1768 3007 vicissimque
1783 2930 2117 3007 redderetg

207 3044 288 3082 an
315 3028 475 3082 esset
500 3023 616 3081 hoc
643 3022 888 3100 quidem
929 3023 1252 3099 proprium
1299 3022 1606 3092 amicitiae,
1636 3024 1743 3082 sed
1785 3025 2119 3103 antiquior

209 3123 276 3177 et
302 3117 617 3197 pulchrior
643 3120 708 3174 et
734 3116 930 3193 magis
957 3134 996 3173 a
1022 3120 1252 3174 natura
1277 3117 1411 3193 ipsa
1436 3118 1715 3194 profecta
1730 3118 1851 3176 alia
1870 3124 2117 3185 causa?
