2160 3532
241 265 310 321 18
671 266 780 321 lm
830 264 1214 322 AMICITIA
1260 264 1693 321 DIALOGUS.

244 441 319 499 de
361 441 510 499 vita.
595 439 715 499 Sed
751 446 960 499 tamen
999 440 1420 498 recordatione
1455 445 1679 499 nostrae
1716 439 2010 498 amicitiae
2050 441 2115 498 sie

246 544 436 615 fruor,
476 549 548 602 ut
587 545 764 602 beate
799 545 1022 603 vixisse
1062 544 1293 615 videar,
1335 544 1481 621 quia
1520 563 1662 602 cum
1692 542 1979 621 Scipione
2006 545 2115 603 vix·

246 651 416 720 erim,
457 670 721 728 quocum
759 650 915 708 miln·
951 651 1282 727 conjuncta
1320 669 1471 708 cura
1509 650 1585 708 de
1626 650 1943 727 republica
1970 654 2036 708 et
2065 651 2122 720 de¹

247 756 488 832 privata
511 730 654 826 fuit,
683 774 946 831 quocum
986 758 1050 812 et
1088 755 1305 811 domus
1341 758 1405 810 et
1440 753 1665 811 militia
1696 755 2041 812 communis
2078 759 2117 810 et

246 857 311 914 id
349 858 417 914 in
455 877 575 935 quo
616 862 708 916 est
744 857 936 916 omnis
972 857 1069 915 vis
1109 856 1410 925 amicitiae,
1456 858 1855 929 voluntatem,
1902 857 2117 916 studio·

247 949 406 1030 rum}
435 960 883 1018 sententiarum
919 979 1161 1018 summa
1194 959 1527 1018 consensio,
1597 956 1828 1044 ‘Itaq'ue
1853 979 1984 1018 non
2013 965 2119 1018 tam

248 1064 373 1122 ista
411 1084 508 1121 me
543 1063 872 1140 sapientiae,
901 1082 1090 1140 quam
1113 1062 1295 1120 modo
1322 1062 1595 1120 Fannius
1620 1064 2124 1129 commemoravit}

248 1167 418 1226 fama
457 1167 739 1239 delectat,
785 1165 945 1224 falso
992 1165 1352 1242 praesertim,
1400 1185 1585 1243 quam
1638 1165 1802 1243 quod
1853 1147 2124 1224 amicitia?

251 1277 475 1330 nostrae
508 1270 865 1328 memoriam
892 1289 1069 1346 spero
1097 1268 1533 1345 sempiternam
1558 1268 1721 1326 fore:
1762 1269 1947 1347 idque
1985 1270 2123 1326 mjhj

207 1451 211 1456 ι
252 1396 324 1435 eo
362 1376 557 1453 magis
599 1380 692 1433 est
727 1374 916 1444 cordi,
943 1374 1109 1450 quod
1152 1392 1228 1430 ex
1271 1373 1552 1430 omnibus
1592 1372 1826 1431 saeculis
1866 1374 1976 1433 vix
2019 1375 2099 1433 tri

251 1486 362 1541 aut
428 1487 695 1559 quatuor
745 1480 1139 1537 nominantur
1201 1479 1375 1556 paria
1435 1479 1803 1537 amicorum:
1878 1498 2002 1556 quo
2076 1481 2093 1536 i

251 1605 474 1663 genere
533 1603 776 1662 sperare
830 1584 1055 1655 videor,
1112 1581 1414 1658 Scipionis
1458 1587 1523 1640 et
1575 1582 1747 1641 Laelii
1800 1583 2079 1641 amicitia

164 1751 177 1758 ,
252 1667 464 1769 notam
496 1687 848 1766 posteritati
874 1687 1024 1744 fore.

329 1794 512 1870 FANN.
591 1791 772 1850 Istud
817 1793 1083 1868 quidem,
1138 1791 1303 1864 Laeli,
1357 1791 1449 1850 ita
1501 1812 1744 1851 neeesse
1796 1797 1911 1851 est.
1998 1792 2079 1851 Se

253 1897 536 1976 quoniam
580 1893 866 1953 amicitiae
910 1894 1284 1952 mentionem
1329 1894 1535 1953 fecisti
1580 1899 1646 1952 et
1691 1915 1900 1972 sumus
1939 1896 2113 1954 otiosi

255 2003 613 2077 pergratum
638 1997 790 2054 mihi
816 1996 1052 2066 feceriS,
1086 1996 1291 2073 (spero
1316 1997 1466 2054 item
1495 1995 1811 2073 Scaevolae)
1832 1997 1902 2068 si,
1930 2016 2109 2073 quem

251 2103 584 2179 admodum
622 2102 775 2159 soles
818 2101 893 2159 de
925 2100 1145 2158 ceteris
1188 2101 1391 2171 rebus,
1419 2122 1610 2178 quum
1653 2120 1731 2159 ex
1762 2106 1828 2159 te
1860 2122 2123 2179 quaerun-

255 2213 378 2279 tur,
424 2208 512 2265 sic
561 2206 636 2263 de
682 2204 951 2264 amicitia
999 2204 1353 2280 disputaris,
1402 2203 1551 2281 quid
1604 2205 1848 2276 sentias,
1896 2206 2125 2283 qualem

255 2311 582 2382 existimes,
610 2330 747 2388 quae
771 2312 1084 2387 praecepta
1109 2308 1235 2366 des.

335 2414 519 2475 Βοῶν.
598 2414 754 2473 Mihi
791 2432 938 2472 vero
980 2416 1343 2490 pergratum
1383 2412 1534 2470 erit:
1582 2417 1789 2489 atque,
1827 2412 1896 2471 id
1938 2413 2035 2490 ips

255 2540 446 2598 quum
471 2523 677 2576 tecum
704 2536 886 2593 agere
914 2536 1188 2586 conarer,
1216 2516 1488 2574 Fannius
1515 2517 1886 2575 antevertit:
1932 2538 2113 2595 quam

256 2625 464 2682 obrem
489 2622 736 2698 utrique
761 2618 1042 2678 nostrum
1067 2624 1317 2695 gratum
1345 2619 1675 2679 admodum
1700 2620 1934 2679 feceris.

179 2712 318 2727 ’Ἦ
332 2724 646 2785 V.-L2m„
727 2723 860 2800 Ego
885 2742 1029 2781 vero
1062 2743 1186 2780 non
1218 2741 1529 2798 gravarer,
1558 2724 1612 2781 si
1651 2724 1803 2781 mihi
1842 2725 1971 2801 ipse
2002 2744 2111 2783 con

255 2824 541 2889 fiderem:
584 2848 726 2885 nam
769 2842 832 2885 et
869 2839 1163 2903 praeclara
1202 2846 1299 2885 res
1338 2842 1451 2899 est,
1494 2834 1558 2885 et
1599 2848 1829 2900 sumus,
1869 2833 1943 2886 ut
1983 2828 2109 2886 dixi

256 2931 545 3002 Fannius,
574 2931 770 2989 otiosi.
853 2929 977 2988 Sed
1001 2930 1139 3006 quis
1168 2949 1279 3006 ego
1308 2950 1445 2988 sum
1464 2928 1493 2988 Ρ
1530 2936 1641 2988 aut
1668 2951 1803 3008 quae
1830 2931 1898 2989 in
1922 2952 2019 2989 me
2048 2953 2109 2990 es

257 3030 521 3087 facultas
538 3024 568 3085 Ρ
649 3027 986 3084 Doctorum
1028 3030 1125 3082 est
1168 3026 1286 3083 ista
1323 3026 1701 3084 consuetudo
1746 3046 1933 3105 eaque
1978 3026 2063 3085 Gr

256 3146 486 3195 corum,
504 3129 577 3181 ut
603 3123 680 3180 iis
708 3124 993 3206 ponatur,
1014 3120 1091 3178 de
1121 3140 1240 3198 quo
1266 3120 1589 3197 disputent
1615 3124 1891 3199 quamvis
1920 3124 2050 3181 subi
