2160 3532
181 218 260 277 54
619 223 726 277 DE
774 220 1160 278 AMICITIA
1207 222 1639 281 DIALOGUS.

182 398 406 455 tiarum
433 414 546 453 sua
569 395 788 472 cuique
826 401 1148 471 permanet
1188 374 1427 470 stabilis
1456 402 1520 455 et
1546 402 1717 456 certa
1744 397 2061 473 possessio:

181 500 273 572 ut,·
326 501 514 558 etiam
586 500 639 557 si
704 499 813 556 illa
879 504 1192 573 maneant,
1241 521 1376 577 quae
1448 507 1595 561 sunt
1666 502 1847 578 quasi
1912 500 2065 559 dona

182 605 464 674 fortunae,
490 609 701 662 tamen
737 604 868 661 vita
908 603 1148 663 inculta
1192 610 1255 663 et
1282 606 1526 665 deserta
1572 608 1653 666 ab
1695 607 1903 665 amicis
1950 625 2063 662 non

181 708 376 787 possit
405 727 538 766 esse
559 708 864 785 jucunda.
948 707 1072 766 Sed
1098 709 1229 768 haec
1256 709 1577 769 hactenus.
1643 735 1649 742 ·

260 810 954 899 XVI.—Oonstituend3i
972 818 1132 878 ‚sunt
1170 818 1395 884 autem,
1423 814 1529 892 qui
1559 815 1775 873 sintin
1805 795 2081 876 amicitia,

169 916 331 987 'fines
359 920 422 973 et
461 916 638 992 quasi
667 916 918 973 termini
943 916 1259 993 diligendi.
1345 918 1438 977 De
1466 920 1689 996 quibus
1729 924 1857 976 tres
1896 919 2065 976 video

181 1020 515 1078 sententias
545 1020 712 1091 ferri,
741 1039 1003 1095 quarum
1029 1022 1267 1079 nullam
1291 1023 1516 1099 probo;
1544 1042 1749 1093 unam,
1768 1026 1843 1079 ut
1864 1023 2064 1079 eodem

184 1124 363 1181 modo
389 1142 534 1199 erga
559 1123 784 1181 amicos
809 1124 1016 1182 affecti
1059 1124 1271 1195 simus,
1299 1144 1419 1201 quo
1448 1145 1593 1201 erga
1635 1126 2063 1203 nosmetipsos;

185 1229 463 1297 alteram,
491 1231 564 1284 ut
590 1231 803 1285 nostra
828 1227 897 1283 in
926 1228 1147 1286 amicos
1188 1229 1613 1287 benevolentia
1652 1230 1901 1287 illorum
1927 1249 2067 1305 erga

185 1351 295 1389 nos
318 1330 757 1389 benevolentiae
785 1332 1014 1407 pariter
1041 1333 1481 1410 aequaliterque
1506 1334 1910 1410 respondeat3
1952 1340 2063 1391 ter-

186 1435 354 1505 tiam,
381 1439 490 1506 ut,
537 1435 756 1510 quanti
797 1435 1052 1512 quisque
1096 1455 1161 1493 se
1207 1436 1337 1513 ipse
1390 1437 1561 1507 facit,
1617 1438 1780 1495 tanti
1833 1438 1945 1496 fiat
1999 1439 2065 1496 ab

185 1539 415 1597 amicis.
523 1539 766 1597 Harum
829 1540 1020 1597 trium
1088 1542 1534 1599 sententiarum
1599 1542 1758 1599 nulli
1826 1563 2066 1619 prorsus

186 1644 498 1701 assentior.
580 1643 708 1701 Nec
755 1643 918 1701 enim
960 1644 1070 1701 illa
1106 1645 1313 1719 prima
1338 1664 1486 1703 vera
1527 1649 1637 1715 est,
1665 1651 1753 1715 ut,
1784 1648 2065 1723 quemad-

186 1739 432 1797 modum
485 1739 550 1797 in
603 1758 667 1797 se
721 1739 998 1816 quisque,
1051 1740 1137 1798 sic
1185 1740 1255 1798 in
1306 1741 1572 1799 amicum
1614 1742 1694 1800 sit
1740 1742 2066 1802 animatus,

152 1833 389 1908 ‘Quam
414 1835 611 1892 multa
637 1835 818 1905 enim,
849 1855 982 1911 quae
1009 1835 1221 1894 nostra
1258 1856 1444 1895 causa
1482 1858 1819 1915 numquam
1846 1839 2066 1898 facere-

187 1951 340 2000 mus,
369 1930 630 1988 facimus
658 1949 841 1988 causa
875 1931 1230 2001 amicorum,
1260 1934 1498 2008 precari
1524 1935 1600 1992 ab
1631 1934 1907 2010 indignO,
1936 1956 2065 2011 sup-

187 2025 429 2102 plicare,
473 2030 609 2083 tum
652 2026 927 2084 acerbius
973 2027 1038 2084 in
1080 2029 1348 2104 aliquem
1392 2029 1617 2099 invehi,
1664 2031 2068 2108 insectarique

185 2121 641 2192 vehementius3
683 2140 818 2197 quse
852 2122 917 2179 in
942 2124 1169 2180 nostris
1190 2155 1195 2158 ·
1217 2125 1400 2182 rebus
1442 2145 1566 2182 non
1609 2127 1759 2184 satis
1802 2127 2067 2194 honeste,

185 2217 251 2273 in
275 2216 610 2274 amicorum
636 2216 796 2273 fiunt
821 2217 1280 2276 honestissime:
1327 2220 1655 2297 multaeque
1684 2240 1781 2278 res
1818 2227 1990 2292 sunt,
2018 2224 2069 2280 in

185 2312 407 2386 quibus
451 2312 527 2369 de
573 2313 699 2370 suis
743 2313 1076 2370 commodis
1122 2313 1245 2372 viri
1289 2315 1435 2372 boni
1486 2316 1683 2372 multa
1736 2316 2070 2374 detrahunt

184 2406 546 2483 detrahique
593 2408 934 2483 patiuntur,
982 2413 1057 2465 ut
1101 2409 1175 2466 iis
1220 2410 1402 2468 amici
1443 2411 1670 2487 potiuS‚
1718 2431 1908 2487 quam
1965 2413 2071 2490 ipsi

184 2502 490 2560 fruantur.
554 2504 778 2575 ..Altera
816 2505 1127 2561 sententia
1154 2509 1267 2574 est,
1296 2526 1431 2582 quae
1478 2507 1692 2563 definit
1740 2507 2071 2566 amicitiam

184 2598 436 2673 paribus
501 2596 710 2655 officiis
777 2617 848 2656 ac
916 2599 1353 2658 voluntatibus.
1464 2601 1601 2659 Hoc
1668 2601 1921 2677 quidem
1990 2607 2073 2660 est

183 2693 364 2751 nimis
406 2693 624 2768 exigue
665 2698 730 2750 et
768 2694 1010 2751 exiliter
1049 2695 1129 2751 ad
1160 2696 1425 2754 calculos
1465 2717 1680 2755 vocare
1720 2698 2072 2767 amicitiam,

185 2793 257 2846 ut
319 2807 434 2865 par
485 2788 569 2845 sit
621 2788 781 2846 ratio
833 2794 1226 2864 acceptorum
1280 2795 1343 2848 et
1396 2792 1699 2850 datorum.
1809 2793 2074 2852 Divitior

184 2883 335 2940 mihi
402 2886 466 2939 et
532 2883 879 2940 affluentior
929 2885 1180 2942 videtur
1234 2906 1364 2944 esse
1416 2907 1564 2945 vera
1626 2888 1901 2947 amicitia
1970 2908 2073 2947 nec

185 2978 508 3036 observare
560 2981 861 3050 restricte,
916 2999 994 3036 ne
1044 2981 1188 3057 plus
1242 2981 1477 3052 reddat,
1524 3003 1706 3059 quam
1748 2987 2072 3061 acceperit.

185 3073 399 3152 Neque
472 3074 634 3132 enim
699 3075 1038 3134 verendum
1105 3079 1216 3146 est,
1274 3097 1353 3135 ne
1420 3079 1569 3154 quid
1643 3079 1909 3150 excidat,
1974 3085 2075 3140 aut
