<?xml version="1.0" encoding="UTF-8"?>
<!DOCTYPE html PUBLIC "-//W3C//DTD XHTML 1.0 Transitional//EN"
    "http://www.w3.org/TR/xhtml1/DTD/xhtml1-transitional.dtd">
<html xmlns="http://www.w3.org/1999/xhtml" xml:lang="en" lang="en">
 <head>
  <title>
</title>
<meta http-equiv="Content-Type" content="text/html;charset=utf-8" />
  <meta name='ocr-system' content='tesseract 3.04.00' />
  <meta name='ocr-capabilities' content='ocr_page ocr_carea ocr_par ocr_line ocrx_word'/>
</head>
<body>
  <div class='ocr_page' id='page_1' title='image "./laeliussivedeam01cicegoog/laeliussivedeam01cicegoog_0062.png"; bbox 0 0 2160 3532; ppageno 0'>
   <div class='ocr_carea' id='block_1_1' title="bbox 185 986 2126 1169">
    <p class='ocr_par' dir='ltr' id='par_1_1' title="bbox 185 986 2126 1169">
     <span class='ocr_line' id='line_1_1' title="bbox 185 986 2126 1074; baseline -0.003 -21"><span class='ocrx_word' id='word_1_1' title='bbox 185 986 191 995; x_wconf 70' lang='grc'>’</span> <span class='ocrx_word' id='word_1_2' title='bbox 277 996 462 1073; x_wconf 86' lang='lat' dir='ltr'>perti,</span> <span class='ocrx_word' id='word_1_3' title='bbox 490 996 594 1072; x_wconf 88' lang='lat' dir='ltr'>qui</span> <span class='ocrx_word' id='word_1_4' title='bbox 631 989 954 1074; x_wconf 83' lang='lat' dir='ltr'>pecuniam</span> <span class='ocrx_word' id='word_1_5' title='bbox 994 996 1287 1073; x_wconf 70' lang='lat' dir='ltr'>praeferre</span> <span class='ocrx_word' id='word_1_6' title='bbox 1327 996 1612 1054; x_wconf 79' lang='lat' dir='ltr'>amicitioe</span> <span class='ocrx_word' id='word_1_7' title='bbox 1657 995 1981 1053; x_wconf 89' lang='lat' dir='ltr'>sordidum</span> <span class='ocrx_word' id='word_1_8' title='bbox 2018 993 2126 1073; x_wconf 69' lang='lat' dir='ltr'>exis·⁴</span> 
     </span>
     <span class='ocr_line' id='line_1_2' title="bbox 188 1091 2126 1169; baseline -0.004 -20"><span class='ocrx_word' id='word_1_9' title='bbox 188 1114 192 1122; x_wconf 87' lang='lat'><em>·</em></span> <span class='ocrx_word' id='word_1_10' title='bbox 279 1091 538 1163; x_wconf 88' lang='lat' dir='ltr'>timent;</span> <span class='ocrx_word' id='word_1_11' title='bbox 578 1093 688 1150; x_wconf 89' lang='lat' dir='ltr'>ubi</span> <span class='ocrx_word' id='word_1_12' title='bbox 727 1112 829 1151; x_wconf 85' lang='lat' dir='ltr'>eos</span> <span class='ocrx_word' id='word_1_13' title='bbox 869 1092 1271 1163; x_wconf 82' lang='lat' dir='ltr'><strong>inveniemus,</strong></span> <span class='ocrx_word' id='word_1_14' title='bbox 1300 1093 1407 1169; x_wconf 90' lang='lat' dir='ltr'>qui</span> <span class='ocrx_word' id='word_1_15' title='bbox 1431 1092 1708 1163; x_wconf 86' lang='lat' dir='ltr'>honores,</span> <span class='ocrx_word' id='word_1_16' title='bbox 1750 1091 2126 1167; x_wconf 50' lang='lat' dir='ltr'>magistratus</span> 
     </span>
    </p>
   </div>
   <div class='ocr_carea' id='block_1_2' title="bbox 279 120 2126 331">
    <p class='ocr_par' dir='ltr' id='par_1_2' title="bbox 279 120 2126 331">
     <span class='ocr_line' id='line_1_3' title="bbox 2124 120 2126 167; baseline 0 0"><span class='ocrx_word' id='word_1_17' title='bbox 2124 120 2126 167; x_wconf 75' lang='grc'>1</span> 
     </span>
     <span class='ocr_line' id='line_1_4' title="bbox 279 226 2126 331; baseline -0.001 -30"><span class='ocrx_word' id='word_1_18' title='bbox 279 248 350 301; x_wconf 87' lang='lat'>60</span> <span class='ocrx_word' id='word_1_19' title='bbox 709 248 815 302; x_wconf 77' lang='lat' dir='ltr'>DI:</span> <span class='ocrx_word' id='word_1_20' title='bbox 865 244 1250 302; x_wconf 75' lang='lat' dir='ltr'>AMICITIA</span> <span class='ocrx_word' id='word_1_21' title='bbox 1300 244 1734 301; x_wconf 74' lang='lat' dir='ltr'>DIALoeIIS.</span> <span class='ocrx_word' id='word_1_22' title='bbox 2124 226 2126 331; x_wconf 67' lang='grc'>1</span> 
     </span>
    </p>
   </div>
   <div class='ocr_carea' id='block_1_3' title="bbox 193 420 2126 977">
    <p class='ocr_par' dir='ltr' id='par_1_3' title="bbox 193 420 2126 977">
     <span class='ocr_line' id='line_1_5' title="bbox 193 420 2126 505; baseline -0.002 -26"><span class='ocrx_word' id='word_1_23' title='bbox 193 423 200 434; x_wconf 90' lang='grc'>’</span> <span class='ocrx_word' id='word_1_24' title='bbox 278 422 392 479; x_wconf 87' lang='lat' dir='ltr'>Est</span> <span class='ocrx_word' id='word_1_25' title='bbox 425 421 618 499; x_wconf 85' lang='lat' dir='ltr'>igitur</span> <span class='ocrx_word' id='word_1_26' title='bbox 642 421 963 498; x_wconf 83' lang='lat' dir='ltr'>prudentis</span> <span class='ocrx_word' id='word_1_27' title='bbox 991 422 1316 490; x_wconf 88' lang='lat' dir='ltr'>sustinere,</span> <span class='ocrx_word' id='word_1_28' title='bbox 1344 426 1419 478; x_wconf 89' lang='lat' dir='ltr'>ut</span> <span class='ocrx_word' id='word_1_29' title='bbox 1446 440 1715 492; x_wconf 81' lang='lat' dir='ltr'>currum,</span> <span class='ocrx_word' id='word_1_30' title='bbox 1746 421 1837 480; x_wconf 91' lang='lat' dir='ltr'>sic</span> <span class='ocrx_word' id='word_1_31' title='bbox 1872 420 2126 505; x_wconf 52' lang='lat' dir='ltr'>impetmq</span> 
     </span>
     <span class='ocr_line' id='line_1_6' title="bbox 276 512 2126 594; baseline -0.003 -20"><span class='ocrx_word' id='word_1_32' title='bbox 276 517 735 587; x_wconf 68' lang='lat' dir='ltr'>benevolentiae,</span> <span class='ocrx_word' id='word_1_33' title='bbox 792 536 913 594; x_wconf 90' lang='lat' dir='ltr'>quo</span> <span class='ocrx_word' id='word_1_34' title='bbox 967 520 1236 588; x_wconf 82' lang='lat' dir='ltr'>utamur,</span> <span class='ocrx_word' id='word_1_35' title='bbox 1292 516 1467 593; x_wconf 90' lang='lat' dir='ltr'>quasi</span> <span class='ocrx_word' id='word_1_36' title='bbox 1526 516 1699 593; x_wconf 90' lang='lat' dir='ltr'>equis</span> <span class='ocrx_word' id='word_1_37' title='bbox 1757 516 2030 583; x_wconf 87' lang='lat' dir='ltr'>tentatis,</span> <span class='ocrx_word' id='word_1_38' title='bbox 2070 512 2126 579; x_wconf 64' lang='lat' dir='ltr'>sidi</span> 
     </span>
     <span class='ocr_line' id='line_1_7' title="bbox 277 612 2126 691; baseline -0.003 -21"><span class='ocrx_word' id='word_1_39' title='bbox 277 612 564 671; x_wconf 73' lang='lat' dir='ltr'><strong>amicitiis</strong></span> <span class='ocrx_word' id='word_1_40' title='bbox 611 613 819 689; x_wconf 85' lang='lat' dir='ltr'>aliqua</span> <span class='ocrx_word' id='word_1_41' title='bbox 855 618 1032 691; x_wconf 85' lang='lat' dir='ltr'>parte</span> <span class='ocrx_word' id='word_1_42' title='bbox 1076 612 1449 691; x_wconf 87' lang='lat' dir='ltr'>periclitatis</span> <span class='ocrx_word' id='word_1_43' title='bbox 1493 612 1767 671; x_wconf 87' lang='lat' dir='ltr'>moribus</span> <span class='ocrx_word' id='word_1_44' title='bbox 1814 612 2126 671; x_wconf 67' lang='lat' dir='ltr'>amicorum}</span> 
     </span>
     <span class='ocr_line' id='line_1_8' title="bbox 279 708 2126 787; baseline -0.002 -22"><span class='ocrx_word' id='word_1_45' title='bbox 279 708 546 782; x_wconf 80' lang='lat' dir='ltr'><strong>Quidam</strong></span> <span class='ocrx_word' id='word_1_46' title='bbox 588 728 745 787; x_wconf 80' lang='lat' dir='ltr'>saepc</span> <span class='ocrx_word' id='word_1_47' title='bbox 793 710 860 766; x_wconf 91' lang='lat' dir='ltr'>in</span> <span class='ocrx_word' id='word_1_48' title='bbox 903 728 1099 786; x_wconf 84' lang='lat' dir='ltr'>parva</span> <span class='ocrx_word' id='word_1_49' title='bbox 1120 782 1125 787; x_wconf 21' lang='grc' dir='ltr'>ι</span> <span class='ocrx_word' id='word_1_50' title='bbox 1150 709 1413 785; x_wconf 86' lang='lat' dir='ltr'>pecunia</span> <span class='ocrx_word' id='word_1_51' title='bbox 1463 708 1947 786; x_wconf 84' lang='lat' dir='ltr'>perspiciuntur,</span> <span class='ocrx_word' id='word_1_52' title='bbox 1991 724 2089 783; x_wconf 78' lang='lat' dir='ltr'>qua</span> <span class='ocrx_word' id='word_1_53' title='bbox 2123 708 2126 737; x_wconf 74' lang='lat'>³</span> 
     </span>
     <span class='ocr_line' id='line_1_9' title="bbox 278 798 2126 882; baseline -0.004 -19"><span class='ocrx_word' id='word_1_54' title='bbox 278 805 403 863; x_wconf 86' lang='lat' dir='ltr'>sint</span> <span class='ocrx_word' id='word_1_55' title='bbox 453 806 654 877; x_wconf 84' lang='lat' dir='ltr'>leves;</span> <span class='ocrx_word' id='word_1_56' title='bbox 714 806 984 881; x_wconf 87' lang='lat' dir='ltr'>quidam,</span> <span class='ocrx_word' id='word_1_57' title='bbox 1029 824 1182 881; x_wconf 85' lang='lat' dir='ltr'>quos</span> <span class='ocrx_word' id='word_1_58' title='bbox 1235 823 1429 882; x_wconf 85' lang='lat' dir='ltr'>parva</span> <span class='ocrx_word' id='word_1_59' title='bbox 1473 824 1717 863; x_wconf 82' lang='lat' dir='ltr'>movere</span> <span class='ocrx_word' id='word_1_60' title='bbox 1770 823 1901 863; x_wconf 88' lang='lat' dir='ltr'>non</span> <span class='ocrx_word' id='word_1_61' title='bbox 1952 798 2126 879; x_wconf 55' lang='lat' dir='ltr'>potuit·</span> 
     </span>
     <span class='ocr_line' id='line_1_10' title="bbox 279 898 2126 977; baseline -0.001 -19"><span class='ocrx_word' id='word_1_62' title='bbox 279 906 738 977; x_wconf 81' lang='lat' dir='ltr'>cognoscuntur</span> <span class='ocrx_word' id='word_1_63' title='bbox 785 902 853 959; x_wconf 92' lang='lat' dir='ltr'>in</span> <span class='ocrx_word' id='word_1_64' title='bbox 908 919 1153 976; x_wconf 85' lang='lat' dir='ltr'>magna.</span> <span class='ocrx_word' id='word_1_65' title='bbox 1254 900 1365 959; x_wconf 89' lang='lat' dir='ltr'>Sin</span> <span class='ocrx_word' id='word_1_66' title='bbox 1409 919 1555 959; x_wconf 84' lang='lat' dir='ltr'>vero</span> <span class='ocrx_word' id='word_1_67' title='bbox 1608 903 1796 957; x_wconf 85' lang='lat' dir='ltr'>erunt</span> <span class='ocrx_word' id='word_1_68' title='bbox 1846 898 2036 975; x_wconf 79' lang='lat' dir='ltr'><strong>aliqui</strong></span> <span class='ocrx_word' id='word_1_69' title='bbox 2068 914 2126 957; x_wconf 66' lang='lat' dir='ltr'>re·²</span> 
     </span>
    </p>
   </div>
   <div class='ocr_carea' id='block_1_4' title="bbox 277 1186 2126 2397">
    <p class='ocr_par' dir='ltr' id='par_1_4' title="bbox 277 1186 2126 2397">
     <span class='ocr_line' id='line_1_11' title="bbox 277 1186 2126 1266; baseline -0.004 -21"><span class='ocrx_word' id='word_1_70' title='bbox 277 1187 553 1265; x_wconf 86' lang='lat' dir='ltr'>imperia,</span> <span class='ocrx_word' id='word_1_71' title='bbox 595 1193 949 1265; x_wconf 85' lang='lat' dir='ltr'>potestates,</span> <span class='ocrx_word' id='word_1_72' title='bbox 997 1208 1141 1266; x_wconf 86' lang='lat' dir='ltr'>opes</span> <span class='ocrx_word' id='word_1_73' title='bbox 1182 1188 1470 1247; x_wconf 80' lang='lat' dir='ltr'>amicitioe</span> <span class='ocrx_word' id='word_1_74' title='bbox 1499 1207 1625 1245; x_wconf 92' lang='lat' dir='ltr'>non</span> <span class='ocrx_word' id='word_1_75' title='bbox 1650 1191 2049 1263; x_wconf 75' lang='lat' dir='ltr'>anteponant,</span> <span class='ocrx_word' id='word_1_76' title='bbox 2068 1186 2126 1238; x_wconf 57' lang='lat' dir='ltr'>uta</span> 
     </span>
     <span class='ocr_line' id='line_1_12' title="bbox 279 1280 2126 1362; baseline 0 -22"><span class='ocrx_word' id='word_1_77' title='bbox 279 1303 470 1359; x_wconf 92' lang='lat' dir='ltr'>quum</span> <span class='ocrx_word' id='word_1_78' title='bbox 496 1303 572 1341; x_wconf 84' lang='lat' dir='ltr'>ex</span> <span class='ocrx_word' id='word_1_79' title='bbox 601 1285 797 1343; x_wconf 86' lang='lat' dir='ltr'>altera</span> <span class='ocrx_word' id='word_1_80' title='bbox 833 1288 1009 1362; x_wconf 86' lang='lat' dir='ltr'>parte</span> <span class='ocrx_word' id='word_1_81' title='bbox 1053 1285 1370 1361; x_wconf 86' lang='lat' dir='ltr'>proposita</span> <span class='ocrx_word' id='word_1_82' title='bbox 1395 1282 1525 1341; x_wconf 84' lang='lat' dir='ltr'>hoec</span> <span class='ocrx_word' id='word_1_83' title='bbox 1556 1282 1699 1354; x_wconf 87' lang='lat' dir='ltr'>sint,</span> <span class='ocrx_word' id='word_1_84' title='bbox 1728 1302 1808 1340; x_wconf 84' lang='lat' dir='ltr'>ex</span> <span class='ocrx_word' id='word_1_85' title='bbox 1835 1283 2032 1341; x_wconf 76' lang='lat' dir='ltr'>altera</span> <span class='ocrx_word' id='word_1_86' title='bbox 2064 1280 2126 1355; x_wconf 61' lang='lat' dir='ltr'>jus⁴</span> 
     </span>
     <span class='ocr_line' id='line_1_13' title="bbox 277 1374 2126 1449; baseline -0.004 -13"><span class='ocrx_word' id='word_1_87' title='bbox 277 1378 579 1449; x_wconf 69' lang='lat' dir='ltr'>amicitiae,</span> <span class='ocrx_word' id='word_1_88' title='bbox 608 1399 734 1438; x_wconf 92' lang='lat' dir='ltr'>non</span> <span class='ocrx_word' id='word_1_89' title='bbox 776 1380 976 1438; x_wconf 92' lang='lat' dir='ltr'>multo</span> <span class='ocrx_word' id='word_1_90' title='bbox 1021 1379 1129 1437; x_wconf 88' lang='lat' dir='ltr'>illa</span> <span class='ocrx_word' id='word_1_91' title='bbox 1170 1379 1395 1437; x_wconf 90' lang='lat' dir='ltr'>malint</span> <span class='ocrx_word' id='word_1_92' title='bbox 1414 1376 1444 1437; x_wconf 76' lang='lat' dir='ltr'><strong>P</strong></span> <span class='ocrx_word' id='word_1_93' title='bbox 1528 1376 1853 1436; x_wconf 89' lang='lat' dir='ltr'>Imbecilla</span> <span class='ocrx_word' id='word_1_94' title='bbox 1882 1382 1981 1435; x_wconf 87' lang='lat' dir='ltr'>est</span> <span class='ocrx_word' id='word_1_95' title='bbox 2012 1374 2126 1433; x_wconf 76' lang='lat' dir='ltr'>enin</span> 
     </span>
     <span class='ocr_line' id='line_1_14' title="bbox 278 1466 2119 1553; baseline -0.005 -19"><span class='ocrx_word' id='word_1_96' title='bbox 278 1479 504 1534; x_wconf 80' lang='lat' dir='ltr'>natura</span> <span class='ocrx_word' id='word_1_97' title='bbox 547 1475 626 1532; x_wconf 87' lang='lat' dir='ltr'>ad</span> <span class='ocrx_word' id='word_1_98' title='bbox 668 1475 1182 1534; x_wconf 75' lang='lat' dir='ltr'>contemnendam</span> <span class='ocrx_word' id='word_1_99' title='bbox 1226 1475 1609 1553; x_wconf 85' lang='lat' dir='ltr'>potentiam:</span> <span class='ocrx_word' id='word_1_100' title='bbox 1656 1492 1845 1550; x_wconf 84' lang='lat' dir='ltr'>quam</span> <span class='ocrx_word' id='word_1_101' title='bbox 1890 1474 2065 1532; x_wconf 86' lang='lat' dir='ltr'>etiam</span> <span class='ocrx_word' id='word_1_102' title='bbox 2094 1466 2119 1525; x_wconf 76' lang='lat' dir='ltr'>si</span> 
     </span>
     <span class='ocr_line' id='line_1_15' title="bbox 278 1564 2119 1647; baseline -0.003 -20"><span class='ocrx_word' id='word_1_103' title='bbox 278 1571 560 1647; x_wconf 85' lang='lat' dir='ltr'>neglecta</span> <span class='ocrx_word' id='word_1_104' title='bbox 602 1572 878 1630; x_wconf 89' lang='lat' dir='ltr'>amicitia</span> <span class='ocrx_word' id='word_1_105' title='bbox 921 1571 1234 1631; x_wconf 82' lang='lat' dir='ltr'>consecuti</span> <span class='ocrx_word' id='word_1_106' title='bbox 1278 1575 1444 1642; x_wconf 87' lang='lat' dir='ltr'>sunt,</span> <span class='ocrx_word' id='word_1_107' title='bbox 1473 1572 1879 1629; x_wconf 86' lang='lat' dir='ltr'>obscuratum</span> <span class='ocrx_word' id='word_1_108' title='bbox 1906 1569 1988 1627; x_wconf 86' lang='lat' dir='ltr'>iri</span> <span class='ocrx_word' id='word_1_109' title='bbox 2015 1564 2119 1626; x_wconf 78' lang='lat' dir='ltr'>arbi-</span> 
     </span>
     <span class='ocr_line' id='line_1_16' title="bbox 278 1664 2119 1744; baseline -0.002 -20"><span class='ocrx_word' id='word_1_110' title='bbox 278 1671 547 1738; x_wconf 85' lang='lat' dir='ltr'>trantur,</span> <span class='ocrx_word' id='word_1_111' title='bbox 603 1667 750 1743; x_wconf 88' lang='lat' dir='ltr'>quia</span> <span class='ocrx_word' id='word_1_112' title='bbox 801 1688 927 1726; x_wconf 93' lang='lat' dir='ltr'>non</span> <span class='ocrx_word' id='word_1_113' title='bbox 991 1668 1122 1727; x_wconf 86' lang='lat' dir='ltr'>sine</span> <span class='ocrx_word' id='word_1_114' title='bbox 1190 1687 1420 1744; x_wconf 81' lang='lat' dir='ltr'>magna</span> <span class='ocrx_word' id='word_1_115' title='bbox 1486 1686 1671 1724; x_wconf 87' lang='lat' dir='ltr'>causa</span> <span class='ocrx_word' id='word_1_116' title='bbox 1738 1665 1824 1723; x_wconf 87' lang='lat' dir='ltr'>sit</span> <span class='ocrx_word' id='word_1_117' title='bbox 1892 1664 2119 1741; x_wconf 64' lang='lat' dir='ltr'>neglecta</span> 
     </span>
     <span class='ocr_line' id='line_1_17' title="bbox 278 1762 2124 1844; baseline -0.001 -23"><span class='ocrx_word' id='word_1_118' title='bbox 278 1762 565 1822; x_wconf 84' lang='lat' dir='ltr'>amicitia.</span> <span class='ocrx_word' id='word_1_119' title='bbox 644 1762 866 1844; x_wconf 80' lang='lat' dir='ltr'>Itaque</span> <span class='ocrx_word' id='word_1_120' title='bbox 892 1784 1053 1824; x_wconf 83' lang='lat' dir='ltr'>veroe</span> <span class='ocrx_word' id='word_1_121' title='bbox 1082 1763 1369 1823; x_wconf 80' lang='lat' dir='ltr'>amicitiae</span> <span class='ocrx_word' id='word_1_122' title='bbox 1400 1762 1753 1821; x_wconf 90' lang='lat' dir='ltr'>difficillime</span> <span class='ocrx_word' id='word_1_123' title='bbox 1778 1762 2124 1844; x_wconf 79' lang='lat' dir='ltr'>reperiuntur</span> 
     </span>
     <span class='ocr_line' id='line_1_18' title="bbox 278 1849 2124 1937; baseline -0.002 -21"><span class='ocrx_word' id='word_1_124' title='bbox 278 1859 346 1916; x_wconf 93' lang='lat' dir='ltr'>in</span> <span class='ocrx_word' id='word_1_125' title='bbox 387 1859 480 1931; x_wconf 90' lang='lat' dir='ltr'>iis,</span> <span class='ocrx_word' id='word_1_126' title='bbox 509 1860 616 1937; x_wconf 91' lang='lat' dir='ltr'>qui</span> <span class='ocrx_word' id='word_1_127' title='bbox 643 1860 709 1918; x_wconf 92' lang='lat' dir='ltr'>in</span> <span class='ocrx_word' id='word_1_128' title='bbox 735 1861 1069 1919; x_wconf 82' lang='lat' dir='ltr'>honoribus</span> <span class='ocrx_word' id='word_1_129' title='bbox 1117 1879 1303 1935; x_wconf 88' lang='lat' dir='ltr'>reque</span> <span class='ocrx_word' id='word_1_130' title='bbox 1342 1859 1593 1936; x_wconf 89' lang='lat' dir='ltr'>publica</span> <span class='ocrx_word' id='word_1_131' title='bbox 1618 1865 1972 1916; x_wconf 83' lang='lat' dir='ltr'>versantur.</span> <span class='ocrx_word' id='word_1_132' title='bbox 2046 1849 2124 1913; x_wconf 76' lang='lat' dir='ltr'>Ubi</span> 
     </span>
     <span class='ocr_line' id='line_1_19' title="bbox 279 1945 2119 2032; baseline -0.002 -20"><span class='ocrx_word' id='word_1_133' title='bbox 279 1955 444 2012; x_wconf 90' lang='lat' dir='ltr'>enim</span> <span class='ocrx_word' id='word_1_134' title='bbox 496 1955 686 2013; x_wconf 89' lang='lat' dir='ltr'>istum</span> <span class='ocrx_word' id='word_1_135' title='bbox 738 1955 1036 2024; x_wconf 84' lang='lat' dir='ltr'>invenias,</span> <span class='ocrx_word' id='word_1_136' title='bbox 1093 1955 1200 2031; x_wconf 92' lang='lat' dir='ltr'>qui</span> <span class='ocrx_word' id='word_1_137' title='bbox 1251 1955 1545 2013; x_wconf 85' lang='lat' dir='ltr'>houo&#39;rem</span> <span class='ocrx_word' id='word_1_138' title='bbox 1598 1945 1779 2012; x_wconf 90' lang='lat' dir='ltr'>amici</span> <span class='ocrx_word' id='word_1_139' title='bbox 1839 1959 2119 2032; x_wconf 71' lang='lat' dir='ltr'>anteponat</span> 
     </span>
     <span class='ocr_line' id='line_1_20' title="bbox 279 2048 2122 2136; baseline -0.002 -29"><span class='ocrx_word' id='word_1_140' title='bbox 279 2048 436 2107; x_wconf 80' lang='lat' dir='ltr'>suo?</span> <span class='ocrx_word' id='word_1_141' title='bbox 521 2049 687 2124; x_wconf 80' lang='lat' dir='ltr'>Quid</span> <span class='ocrx_word' id='word_1_142' title='bbox 705 2048 735 2109; x_wconf 76' lang='lat' dir='ltr'><strong>P</strong></span> <span class='ocrx_word' id='word_1_143' title='bbox 792 2051 922 2109; x_wconf 81' lang='lat' dir='ltr'>haec</span> <span class='ocrx_word' id='word_1_144' title='bbox 966 2056 1038 2109; x_wconf 86' lang='lat' dir='ltr'>ut</span> <span class='ocrx_word' id='word_1_145' title='bbox 1090 2051 1396 2120; x_wconf 86' lang='lat' dir='ltr'>omittam,</span> <span class='ocrx_word' id='word_1_146' title='bbox 1454 2069 1639 2127; x_wconf 91' lang='lat' dir='ltr'>quam</span> <span class='ocrx_word' id='word_1_147' title='bbox 1690 2069 1940 2126; x_wconf 84' lang='lat' dir='ltr'>graves,</span> <span class='ocrx_word' id='word_1_148' title='bbox 1994 2063 2122 2136; x_wconf 79' lang='lat' dir='ltr'>quam</span> 
     </span>
     <span class='ocr_line' id='line_1_21' title="bbox 281 2139 2119 2224; baseline 0.002 -22"><span class='ocrx_word' id='word_1_149' title='bbox 281 2145 552 2205; x_wconf 87' lang='lat' dir='ltr'>difficiles</span> <span class='ocrx_word' id='word_1_150' title='bbox 579 2147 885 2224; x_wconf 88' lang='lat' dir='ltr'>plerisque</span> <span class='ocrx_word' id='word_1_151' title='bbox 913 2148 1210 2207; x_wconf 85' lang='lat' dir='ltr'>videntur</span> <span class='ocrx_word' id='word_1_152' title='bbox 1234 2147 1663 2206; x_wconf 66' lang='lat' dir='ltr'>calamitatum</span> <span class='ocrx_word' id='word_1_153' title='bbox 1689 2146 2051 2206; x_wconf 84' lang='lat' dir='ltr'>societates!</span> <span class='ocrx_word' id='word_1_154' title='bbox 2080 2139 2119 2199; x_wconf 69' lang='lat'>811</span> 
     </span>
     <span class='ocr_line' id='line_1_22' title="bbox 279 2241 2117 2321; baseline -0.002 -21"><span class='ocrx_word' id='word_1_155' title='bbox 279 2262 432 2317; x_wconf 86' lang='lat' dir='ltr'>quas</span> <span class='ocrx_word' id='word_1_156' title='bbox 463 2262 590 2300; x_wconf 87' lang='lat' dir='ltr'>non</span> <span class='ocrx_word' id='word_1_157' title='bbox 618 2248 716 2301; x_wconf 90' lang='lat' dir='ltr'>est</span> <span class='ocrx_word' id='word_1_158' title='bbox 741 2244 923 2302; x_wconf 80' lang='lat' dir='ltr'>facile</span> <span class='ocrx_word' id='word_1_159' title='bbox 949 2245 1213 2302; x_wconf 79' lang='lat' dir='ltr'>inventu</span> <span class='ocrx_word' id='word_1_160' title='bbox 1240 2243 1344 2321; x_wconf 92' lang='lat' dir='ltr'>qui</span> <span class='ocrx_word' id='word_1_161' title='bbox 1379 2244 1726 2302; x_wconf 83' lang='lat' dir='ltr'>descendat.</span> <span class='ocrx_word' id='word_1_162' title='bbox 1788 2241 2117 2321; x_wconf 80' lang='lat' dir='ltr'>Quamquam</span> 
     </span>
     <span class='ocr_line' id='line_1_23' title="bbox 280 2338 752 2397; baseline 0.004 -2"><span class='ocrx_word' id='word_1_163' title='bbox 280 2338 519 2396; x_wconf 88' lang='lat' dir='ltr'>Ennius</span> <span class='ocrx_word' id='word_1_164' title='bbox 547 2344 714 2397; x_wconf 86' lang='lat' dir='ltr'>recte</span> <span class='ocrx_word' id='word_1_165' title='bbox 738 2363 752 2397; x_wconf 80' lang='lat' dir='ltr'><strong><em>z</em></strong></span> 
     </span>
    </p>
   </div>
   <div class='ocr_carea' id='block_1_5' title="bbox 2125 871 2127 1609">
    <p class='ocr_par' dir='ltr' id='par_1_5' title="bbox 2125 871 2127 1609">
     <span class='ocr_line' id='line_1_24' title="bbox 2125 871 2127 1609; baseline 0 0"><span class='ocrx_word' id='word_1_166' title='bbox 2125 871 2127 1609; x_wconf 95' lang='lat' dir='ltr'> </span> 
     </span>
    </p>
   </div>
   <div class='ocr_carea' id='block_1_6' title="bbox 2122 1853 2125 2044">
    <p class='ocr_par' dir='ltr' id='par_1_6' title="bbox 2122 1853 2125 2044">
     <span class='ocr_line' id='line_1_25' title="bbox 2122 1853 2125 2044; baseline 0 0"><span class='ocrx_word' id='word_1_167' title='bbox 2122 1853 2125 2044; x_wconf 95' lang='lat' dir='ltr'> </span> 
     </span>
    </p>
   </div>
   <div class='ocr_carea' id='block_1_7' title="bbox 2120 2139 2123 2350">
    <p class='ocr_par' dir='ltr' id='par_1_7' title="bbox 2120 2139 2123 2350">
     <span class='ocr_line' id='line_1_26' title="bbox 2120 2139 2123 2350; baseline 0 0"><span class='ocrx_word' id='word_1_168' title='bbox 2120 2139 2123 2350; x_wconf 95' lang='lat' dir='ltr'> </span> 
     </span>
    </p>
   </div>
   <div class='ocr_carea' id='block_1_8' title="bbox 701 2485 1767 2537">
    <p class='ocr_par' dir='ltr' id='par_1_8' title="bbox 701 2485 1767 2537">
     <span class='ocr_line' id='line_1_27' title="bbox 701 2485 1767 2537; baseline 0.003 -3"><span class='ocrx_word' id='word_1_169' title='bbox 701 2485 915 2534; x_wconf 82' lang='lat' dir='ltr'>Amicus</span> <span class='ocrx_word' id='word_1_170' title='bbox 937 2487 1110 2535; x_wconf 85' lang='lat' dir='ltr'>certus</span> <span class='ocrx_word' id='word_1_171' title='bbox 1132 2487 1191 2534; x_wconf 73' lang='grc'>111</span> <span class='ocrx_word' id='word_1_172' title='bbox 1210 2500 1266 2535; x_wconf 87' lang='lat' dir='ltr'>re</span> <span class='ocrx_word' id='word_1_173' title='bbox 1288 2485 1487 2536; x_wconf 83' lang='lat' dir='ltr'>incerta</span> <span class='ocrx_word' id='word_1_174' title='bbox 1509 2485 1767 2537; x_wconf 70' lang='lat' dir='ltr'>cernitur:</span> 
     </span>
    </p>
   </div>
   <div class='ocr_carea' id='block_1_9' title="bbox 2118 2461 2121 2656">
    <p class='ocr_par' dir='ltr' id='par_1_9' title="bbox 2118 2461 2121 2656">
     <span class='ocr_line' id='line_1_28' title="bbox 2118 2461 2121 2656; baseline 0 0"><span class='ocrx_word' id='word_1_175' title='bbox 2118 2461 2121 2656; x_wconf 95' lang='lat' dir='ltr'> </span> 
     </span>
    </p>
   </div>
   <div class='ocr_carea' id='block_1_10' title="bbox 222 2627 2119 3266">
    <p class='ocr_par' dir='ltr' id='par_1_10' title="bbox 222 2627 2119 3266">
     <span class='ocr_line' id='line_1_29' title="bbox 281 2627 2117 2709; baseline 0 -25"><span class='ocrx_word' id='word_1_176' title='bbox 281 2631 488 2684; x_wconf 89' lang='lat' dir='ltr'>tamen</span> <span class='ocrx_word' id='word_1_177' title='bbox 513 2627 643 2685; x_wconf 80' lang='lat' dir='ltr'>haec</span> <span class='ocrx_word' id='word_1_178' title='bbox 671 2628 792 2686; x_wconf 88' lang='lat' dir='ltr'>duo</span> <span class='ocrx_word' id='word_1_179' title='bbox 819 2628 1095 2688; x_wconf 87' lang='lat' dir='ltr'>levitatis</span> <span class='ocrx_word' id='word_1_180' title='bbox 1138 2634 1202 2688; x_wconf 87' lang='lat' dir='ltr'>et</span> <span class='ocrx_word' id='word_1_181' title='bbox 1239 2630 1620 2688; x_wconf 83' lang='lat' dir='ltr'>infirmitatis</span> <span class='ocrx_word' id='word_1_182' title='bbox 1664 2629 1995 2709; x_wconf 84' lang='lat' dir='ltr'>plerosque</span> <span class='ocrx_word' id='word_1_183' title='bbox 2037 2647 2117 2689; x_wconf 86' lang='lat' dir='ltr'>con·</span> 
     </span>
     <span class='ocr_line' id='line_1_30' title="bbox 281 2723 2118 2796; baseline 0.003 -14"><span class='ocrx_word' id='word_1_184' title='bbox 281 2725 560 2795; x_wconf 86' lang='lat' dir='ltr'>vincunt,</span> <span class='ocrx_word' id='word_1_185' title='bbox 583 2728 696 2781; x_wconf 86' lang='lat' dir='ltr'>aut</span> <span class='ocrx_word' id='word_1_186' title='bbox 723 2725 775 2782; x_wconf 95' lang='lat' dir='ltr'>si</span> <span class='ocrx_word' id='word_1_187' title='bbox 800 2726 868 2782; x_wconf 92' lang='lat' dir='ltr'>in</span> <span class='ocrx_word' id='word_1_188' title='bbox 894 2726 1070 2784; x_wconf 90' lang='lat' dir='ltr'>bonis</span> <span class='ocrx_word' id='word_1_189' title='bbox 1099 2727 1285 2784; x_wconf 89' lang='lat' dir='ltr'>rebus</span> <span class='ocrx_word' id='word_1_190' title='bbox 1314 2731 1736 2796; x_wconf 88' lang='lat' dir='ltr'>contemnunt,</span> <span class='ocrx_word' id='word_1_191' title='bbox 1764 2734 1881 2787; x_wconf 86' lang='lat' dir='ltr'>aut</span> <span class='ocrx_word' id='word_1_192' title='bbox 1908 2729 1976 2786; x_wconf 90' lang='lat' dir='ltr'>in</span> <span class='ocrx_word' id='word_1_193' title='bbox 2002 2723 2118 2794; x_wconf 60' lang='lat' dir='ltr'>malis</span> 
     </span>
     <span class='ocr_line' id='line_1_31' title="bbox 280 2807 2119 2979; baseline 0.002 -102"><span class='ocrx_word' id='word_1_194' title='bbox 280 2821 589 2877; x_wconf 82' lang='lat' dir='ltr'>deserunt.</span> <span class='ocrx_word' id='word_1_195' title='bbox 2078 2807 2119 2979; x_wconf 40' lang='lat' dir='ltr'>m]</span> 
     </span>
     <span class='ocr_line' id='line_1_32' title="bbox 222 2901 2078 2994; baseline 0.003 -23"><span class='ocrx_word' id='word_1_196' title='bbox 222 2901 232 2908; x_wconf 63' lang='grc'><em>’</em></span> <span class='ocrx_word' id='word_1_197' title='bbox 302 2911 321 2921; x_wconf 89' lang='grc'><em>“</em></span> <span class='ocrx_word' id='word_1_198' title='bbox 358 2913 812 2988; x_wconf 68' lang='lat' dir='ltr'>XVIII—Qui</span> <span class='ocrx_word' id='word_1_199' title='bbox 828 2915 1022 2991; x_wconf 79' lang='lat' dir='ltr'>igitur</span> <span class='ocrx_word' id='word_1_200' title='bbox 1037 2921 1299 2994; x_wconf 86' lang='lat' dir='ltr'>utraque</span> <span class='ocrx_word' id='word_1_201' title='bbox 1316 2917 1383 2975; x_wconf 92' lang='lat' dir='ltr'>in</span> <span class='ocrx_word' id='word_1_202' title='bbox 1398 2937 1468 2976; x_wconf 88' lang='lat' dir='ltr'>re</span> <span class='ocrx_word' id='word_1_203' title='bbox 1483 2937 1755 2994; x_wconf 84' lang='lat' dir='ltr'>gravem,</span> <span class='ocrx_word' id='word_1_204' title='bbox 1768 2924 2078 2978; x_wconf 84' lang='lat' dir='ltr'>constante</span> 
     </span>
     <span class='ocr_line' id='line_1_33' title="bbox 281 3009 2116 3088; baseline 0.004 -21"><span class='ocrx_word' id='word_1_205' title='bbox 281 3009 565 3067; x_wconf 85' lang='lat' dir='ltr'>stabilem</span> <span class='ocrx_word' id='word_1_206' title='bbox 609 3028 676 3067; x_wconf 86' lang='lat' dir='ltr'>se</span> <span class='ocrx_word' id='word_1_207' title='bbox 720 3009 787 3065; x_wconf 93' lang='lat' dir='ltr'>in</span> <span class='ocrx_word' id='word_1_208' title='bbox 833 3010 1111 3068; x_wconf 89' lang='lat' dir='ltr'>amicitia</span> <span class='ocrx_word' id='word_1_209' title='bbox 1149 3013 1530 3088; x_wconf 78' lang='lat' dir='ltr'>proestiterit,</span> <span class='ocrx_word' id='word_1_210' title='bbox 1572 3013 1739 3072; x_wconf 90' lang='lat' dir='ltr'>hunc</span> <span class='ocrx_word' id='word_1_211' title='bbox 1785 3034 1864 3072; x_wconf 83' lang='lat' dir='ltr'>ex</span> <span class='ocrx_word' id='word_1_212' title='bbox 1910 3016 2116 3074; x_wconf 77' lang='lat' dir='ltr'>maxime</span> 
     </span>
     <span class='ocr_line' id='line_1_34' title="bbox 279 3103 2117 3266; baseline 0.005 -104"><span class='ocrx_word' id='word_1_213' title='bbox 279 3123 418 3162; x_wconf 82' lang='lat' dir='ltr'>raro</span> <span class='ocrx_word' id='word_1_214' title='bbox 447 3103 763 3162; x_wconf 88' lang='lat' dir='ltr'>hominum</span> <span class='ocrx_word' id='word_1_215' title='bbox 784 3123 1006 3180; x_wconf 86' lang='lat' dir='ltr'>genere</span> <span class='ocrx_word' id='word_1_216' title='bbox 1031 3105 1308 3182; x_wconf 84' lang='lat' dir='ltr'>judicare</span> <span class='ocrx_word' id='word_1_217' title='bbox 1337 3107 1628 3166; x_wconf 91' lang='lat' dir='ltr'>debemus</span> <span class='ocrx_word' id='word_1_218' title='bbox 1654 3112 1720 3166; x_wconf 94' lang='lat' dir='ltr'>et</span> <span class='ocrx_word' id='word_1_219' title='bbox 1746 3129 1921 3186; x_wconf 74' lang='lat' dir='ltr'>paene</span> <span class='ocrx_word' id='word_1_220' title='bbox 1950 3110 2117 3266; x_wconf 16' lang='lat' dir='ltr'>divini</span> 
     </span>
    </p>
   </div>
   <div class='ocr_carea' id='block_1_11' title="bbox 2112 3369 2115 3486">
    <p class='ocr_par' dir='ltr' id='par_1_11' title="bbox 2112 3369 2115 3486">
     <span class='ocr_line' id='line_1_35' title="bbox 2112 3369 2115 3486; baseline 0 0"><span class='ocrx_word' id='word_1_221' title='bbox 2112 3369 2115 3486; x_wconf 70' lang='grc'>1</span> 
     </span>
    </p>
   </div>
  </div>
 </body>
</html>
