2160 3532
229 248 308 320 '22
667 266 774 320 DE
823 265 1209 321 AMICITIA
1257 266 1691 324 D1ALoeus.

235 439 436 515 major
475 442 702 508 autem,
751 441 824 496 ut
869 437 1127 516 quisque
1168 438 1447 516 proxime
1498 439 1829 498 accederet.
1916 440 2121 517 Itaque

237 533 401 592 cives
427 533 710 610 potiores,
733 553 918 610 quam
943 535 1254 610 peregrini
1276 558 1291 607 3
1332 535 1678 613 propinqui,
1700 554 1891 611 quam
1915 536 2119 593 alieni:

237 648 381 688 011111
405 628 503 686 his
525 628 689 686 enim
708 629 1043 688 amicitiam
1063 634 1289 688 natura
1306 629 1441 707 ipsa
1466 630 1737 707 peperit3
1778 631 1887 688 sed
1916 650 1997 689 ea
2025 651 2120 687 non

237 724 386 782 satis
429 724 620 783 habet
660 724 990 784 firmitatis.
1069 725 1352 802 Namque
1396 725 1513 783 hoe
1554 730 1811 803 praestat
1858 727 2121 785 amicitiin

237 804 703 899 propinquitati,
731 821 896 899 quod
933 841 1009 880 ex
1049 821 1512 899 propinquitate
1526 821 1976 881 *benevolentia
2006 823 2121 881 tolli

237 921 460 994 potest,
501 933 578 976 ex
623 917 898 975 amicitia
933 937 1058 974 non
1096 921 1337 994 potest:
1380 917 1627 975 sublata
1668 917 1833 975 enim
1872 917 2120 977 benevo

238 1014 434 1072 lenti'a
474 1013 761 1072 amicitiae
805 1033 1029 1071 nomen
1070 1009 1332 1084 tollitur,
1375 1013 1855 1091 propinquitatis
1901 1021 2123 1073 manet.

243 1109 493 1182 Quanta
519 1114 728 1166 autem
754 1108 848 1167 vis
875 1107 1161 1167 amicitiae
1188 1108 1290 1178 sit,
1318 1127 1397 1166 ex
1431 1109 1547 1167 hoo
1573 1109 1843 1186 intelligi
1869 1111 2125 1167 maxime

239 1204 461 1279 potest,
489 1201 652 1277 quod
678 1216 754 1258 ex
779 1199 1028 1258 infinita
1053 1199 1347 1258 societate
1378 1201 1621 1276 generis
1647 1201 1923 1273 humani,
1953 1222 2125 1278 quam

239 1291 592 1350 conciliavit
616 1291 752 1368 ipsa
778 1295 1022 1360 natura,
1051 1289 1146 1348 ita
1171 1296 1493 1349 contracta
1528 1311 1629 1350 res
1657 1297 1751 1351 est
1776 1296 1841 1350 et
1868 1292 2125 1351 adducta

241 1384 308 1440 in
335 1386 690 1460 angustum,
706 1387 794 1440 -ut
819 1380 1018 1440 omnis
1045 1381 1273 1440 caritas
1308 1387 1420 1440 aut
1444 1383 1609 1441 inter
1644 1382 1795 1442 duos
1832 1387 1947 1442 aut
1974 1385 2125 1442 inter

241 1482 467 1552 paucos
493 1475 876 1551 jungeretur.

177 1562 276 1652 Γ
321 1565 431 1626 VI.
434 1565 629 1624 —Est
683 1569 894 1623 autem
945 1564 1221 1626 amicitia
1274 1565 1427 1624 nihil
1468 1565 1653 1637 aliud,
1699 1567 1815 1625 nisi
1860 1566 2079 1625 omniu

243 1657 594 1718 divinarum
619 1658 1152 1762 humanarumque
1189 1677 1397 1716 rerum
1435 1678 1577 1716 eum
1618 1659 2058 1718 benevolentia
2082 1681 2109 1718 e

193 1768 224 1805 Ἀ
243 1751 504 1811 caritate
542 1769 784 1809 summa
823 1749 1174 1807 consensio:
1192 1770 1340 1828 qua
1380 1750 1625 1827 quidem
1663 1751 1833 1809 haud
1868 1750 1998 1810 seio
2045 1772 2121 1820 an,

245 1848 500 1919 excepta
537 1840 857 1918 sapientia,
897 1840 1231 1917 quidquam
1275 1841 1497 1899 melius
1541 1841 1779 1899 homini
1816 1842 1900 1899 sit
1940 1860 1981 1900 a
2078 1844 2106 1856 '⁹

245 1933 694 1992 immortalibus
727 1933 964 1991 datum.
1048 1932 1317 1991 Divitias
1358 1933 1463 1991 alii
1500 1938 1883 2010 praepo-nunt,
1910 1934 2121 1993 bonam

196 2089 202 2097 ,
245 2026 353 2084 alii
404 2025 842 2096 valetudinem,
899 2022 1007 2082 alii
1059 2024 1420 2101 potentiam,
1467 2024 1575 2082 alii
1628 2024 1908 2095 honores,
1954 2026 2121 2084 multi

195 2115 201 2125 ⁴
247 2118 436 2177 etiam
487 2118 859 2193 voluptates
942 2115 1281 2173 Beluarum
1332 2116 1447 2174 hoo
1500 2116 1749 2194 quidem
1794 2121 2123 2177 extremum

189 2205 196 2226 ²
247 2214 376 2268 est:
417 2209 526 2267 illa
553 2214 762 2267 autem
791 2208 1105 2284 superiora
1132 2207 1365 2265 caduca
1404 2212 1467 2265 et
1506 2208 1765 2278 incerta,
1787 2208 1991 2283 posita
2018 2230 2123 2268 non

179 2305 190 2373 ,¹
249 2306 378 2379 tam
418 2301 484 2357 in
521 2298 792 2357 consiliis
830 2298 1078 2369 nostris,
1108 2317 1293 2375 quam
1338 2298 1405 2355 in
1450 2297 1715 2356 fortunae
1762 2299 2123 2359 temeritate.

250 2392 371 2466 Qui
393 2396 604 2450 autem
624 2391 689 2448 in
707 2390 941 2449 virtute
961 2408 1273 2447 summum
1299 2389 1532 2446 bonum
1559 2394 1821 2465 ponunt,
1848 2392 2123 2467 proeelare

145 2485 154 2495 '
247 2484 338 2540 illi
365 2482 644 2559 quidem,
631 2504 644 2517 ·
687 2481 796 2539 sed
841 2481 970 2539 haeo
1019 2480 1153 2557 ipsa
1194 2480 1397 2552 virtus
1436 2480 1771 2537 amicitiam
1814 2484 1879 2537 et
1922 2480 2111 2557 gigne

249 2580 312 2633 et
339 2574 648 2647 eontinet·
688 2592 800 2631 nec
843 2572 974 2630 sine
1015 2572 1253 2630 virtute
1295 2571 1574 2629 amicitia
1617 2591 1747 2629 esse
1791 2572 1918 2629 ullo
1954 2580 2105 2649 pact

248 2670 474 2772 potest.
555 2665 596 2723 J
598 2684 698 2723 am
737 2664 1035 2721 virtutem
1075 2683 1154 2721 ex
1199 2663 1635 2721 consuetudine
1682 2664 1828 2723 vitae
1872 2682 2113 2723 sermon

249 2760 421 2836 isque
461 2756 659 2815 nostri
698 2755 1191 2832 interpretemur,
1220 2774 1336 2813 nee
1378 2774 1529 2826 eam,
1558 2760 1633 2812 ut
1665 2756 1915 2832 quidam
1952 2755 2117 2816 doct

252 2849 576 2909 verborum
602 2845 1064 2922 magnificentia.
1088 2846 1439 2917 metiamur,
1467 2846 1752 2923 virosque
1790 2847 1976 2905 bonos
2018 2869 2093 2907 eo

250 2940 360 3018 qui
383 2938 708 3009 habentur,
734 2957 1146 3009 numeremuS‚
1168 2937 1433 3009 Faunos,
1458 2936 1741 3009 CatoneS,
1765 2937 1988 3009 Gallos,
2010 2938 2111 2999 Sci

251 3031 480 3109 piones,
521 3029 751 3088 Philos.
833 3028 953 3085 His
995 3027 1337 3086 eommunis
1364 3028 1499 3085 vita
1535 3031 1831 3085 contenta
1872 3032 1995 3085 est:
2038 3051 2071 3087 e

253 3126 482 3181 autem·
507 3120 885 3190 omittamuS,
928 3119 1035 3197 qui
1078 3119 1329 3177 omnino
1374 3138 1681 3196 nusquam
1728 3117 2121 3196 reperiuntur.
