2160 3532
295 293 366 363 34
719 288 826 342 DE
876 287 1262 344 AMICITIA
1309 287 1742 344 DIALoeth,

290 457 381 516 Ut
407 459 570 516 enim
595 459 850 517 benefici
890 460 1293 537 liberalesque
1334 480 1563 526 sumuS,
1590 479 1713 518 non
1749 463 1826 516 ut
1866 457 2117 534 exigamu

288 561 566 636 gratiam,
595 562 820 640 (neque
848 563 1013 621 enim
1037 563 1403 622 beneficium
1430 563 1803 634 feneramur,
1826 562 1935 620 sed
1961 567 2117 619 natur·

288 665 575 741 propensi
617 666 698 723 ad
742 666 1181 725 liberalitatem
1222 667 1432 725 su'mus
1455 665 1505 741 ε)
1550 666 1637 724 sic
1685 665 2020 724 amicitiam
2050 681 2117 720 nou

290 788 398 846 spe
437 771 741 842 ‚mercedis
780 770 1051 841 adducti,
1082 771 1191 829 sed
1216 772 1380 849 quod
1417 771 1616 829 omnis
1657 770 1793 848 ejus
1831 767 2117 827 fructusil

289 857 420 949 ipso
473 893 679 932 amore
734 875 914 945 inest,
959 876 1368 952 expetendam
1422 879 1729 952 putamus.
1826 872 1917 932 At
1964 873 2025 943 ii,
2064 873 2117 947 (μ’

290 978 597 1052 pecudum
623 978 753 1036 ritu
779 980 859 1037 ad
885 979 1273 1056 voluptatem
1300 979 1505 1036 omnia
1532 979 1827 1048 referunt,
1856 979 2033 1052 longe
2054 975 2117 1032 dis

293 1081 607 1140 sentiunt:
651 1102 765 1141 nec
800 1083 1050 1140 mirum.
1132 1082 1307 1140 Nihil
1350 1082 1513 1140 enim
1557 1083 1774 1152 altum,
1819 1081 1977 1139 nihil
2016 1099 2117 1156 mag

295 1185 546 1244 nificum
581 1205 654 1244 ac
693 1186 972 1244 divinum
1008 1187 1316 1263 suspicere
1342 1190 1619 1263 possunt,
1648 1186 1756 1262 qui
1796 1205 1937 1244 suas
1978 1205 2097 1242 omn

291 1288 692 1364 cogitationes
732 1289 1099 1365 abjecerunt
1142 1289 1212 1346 in
1253 1309 1385 1347 rem
1426 1293 1558 1346 tam
1600 1288 1898 1347 humilem
1936 1294 2089 1363 tamq

293 1395 725 1468 contemptam.
811 1391 1222 1465 Quamobrem
1248 1391 1359 1450 hos
1386 1390 1634 1467 quidem
1660 1391 1741 1448 ab
1768 1390 1882 1449 hoc
1911 1410 2090 1449 sermo

294 1513 760 1554 removeamus:
823 1495 944 1573 ipsi
997 1499 1206 1553 autem
1268 1494 1687 1570 intelligamus
1738 1500 1966 1553 natura
2015 1494 2099 1570 gi„

296 1619 544 1657 sensum
572 1600 868 1676 diligendi
907 1603 973 1657 et
1010 1598 1456 1657 benevolentiae
1496 1597 1820 1656 caritatem
1859 1599 2029 1657 facta
2088 1599 2097 1608 ’

294 1703 644 1761 nificatione
670 1703 998 1782 probitatis
1019 1727 1032 1776 3
1063 1722 1247 1781 quam
1276 1702 1382 1780 qui
1404 1702 1851 1780 appetiverunt,
1872 1703 2040 1781 appli

297 1830 426 1869 sese
454 1816 518 1869 et
553 1810 806 1888 propius
831 1811 1179 1881 admovent,
1205 1813 1279 1866 ut
1305 1814 1369 1867 et
1394 1829 1514 1867 usu
1541 1810 1696 1887 ejus,
1723 1829 1906 1885 quem
1933 1810 2077 1885 dilig

295 1918 634 1991 coeperunt,
663 1914 959 1972 fruantur
985 1918 1049 1972 et
1088 1914 1378 1984 moribu8‚
1408 1890 1657 1991 sintque
1682 1933 1862 1990 pares
1887 1914 1956 1971 in
1982 1934 2105 1972 amo.

296 2023 360 2076 et
401 2019 662 2094 aequales
702 2018 1247 2096 propensioresque
1288 2017 1368 2075 ad
1407 2016 1563 2075 bene
1599 2018 1974 2089 merendum,
2004 2041 2075 2097 qu

296 2122 376 2179 ad
412 2123 870 2199 reposcendum.
951 2122 1159 2199 Atque
1187 2122 1315 2181 haec
1343 2122 1512 2178 inter
1539 2141 1638 2179 eos
1667 2121 1740 2179 fit
1776 2122 2033 2181 honesta
2056 2145 2081 2181 c

296 2227 470 2297 tatio.
557 2225 656 2284 Sic
683 2230 748 2285 et
773 2226 1083 2285 utilitates
1106 2246 1184 2284 ex
1224 2225 1499 2284 amicitia
1538 2226 1818 2285 maximae
1846 2228 2081 2304 capient

297 2334 361 2387 et
400 2329 522 2387 erit
562 2330 698 2407 ejus
741 2334 914 2387 ortus
961 2348 998 2387 a
1037 2333 1282 2401 natura,
1311 2348 1494 2406 quam
1535 2328 1612 2386 ab
1651 2328 2083 2398 imbecillitate,

295 2434 544 2513 gravior
585 2439 648 2491 et
688 2434 910 2493 verior.
993 2433 1155 2491 Nam
1204 2434 1258 2492 si
1298 2435 1537 2497 utilitas
1583 2436 1888 2496 amicitias
1942 2422 2110 2511 congl'

297 2539 545 2608 tinaret,
566 2538 776 2596 eadem
795 2541 1181 2596 commutata
1199 2538 1580 2598 dissolveret.
1642 2539 1766 2598 Sed
1792 2539 1939 2615 quia
1966 2440 2111 2643 nami

297 2641 528 2700 mutari
570 2661 697 2700 non
736 2645 957 2719 potest,
1000 2640 1228 2699 idcirco
1268 2660 1430 2701 verae
1474 2642 1758 2701 amicitiae
1802 2642 2109 2718 sempiterni

301 2745 773 2813 sunt—Ortum
820 2746 1070 2834 quidem
1116 2745 1401 2804 amicitiae
1453 2746 1697 2818 videtis,
1737 2745 1856 2802 nisi
1907 2745 2054 2821 quid
2088 2730 2109 2935 Ὗ

298 2850 427 2909 haec
452 2850 618 2916 forte
647 2850 858 2916 vultis,

380 2953 561 3011 Fiam.
645 2954 739 3011 Tu
791 2972 937 3012 vero
991 2972 1198 3030 perge,
1254 2952 1441 3012 Laeli!
1506 2974 1621 3032 pro
1673 2953 1788 3013 hoc
1845 2954 2025 3026 enim,
2072 2974 2095 3029 q

300 3050 501 3123 minor
527 3052 622 3120 est
645 3054 815 3117 natu,
844 3068 980 3106 meo
1004 3049 1146 3126 jure
1172 3050 1526 3125 respondeo,

383 3144 566 3215 δρῶν.
649 3144 838 3210 Recte
865 3149 938 3209 tu
965 3143 1232 3219 quidem.
1316 3144 1728 3218 Quamobrem
1754 3147 2081 3206 audiamus.
