2160 3532
250 235 318 292 70
678 235 785 288 DE
833 232 1220 289 AMICITIA
1266 233 1697 289 DIALOGUS.

243 403 419 474 ferat,
461 403 516 461 is
556 409 620 461 et
671 404 950 461 infirmus
992 407 1088 461 est
1135 404 1459 480 mollisque
1495 408 1741 474 natura,
1784 406 1851 460 et
1894 402 1974 460 ob
2012 422 2105 459 eam

243 506 440 583 ipsam
487 525 735 565 causam
787 506 856 563 in
909 506 1183 564 amicitia
1234 525 1456 584 parum
1506 506 1732 583 justus.
1816 504 2026 583 Atque
2064 504 2105 561 in

245 610 410 667 omni
436 628 504 667 re
531 611 1040 669 considerandum
1079 614 1191 681 est,
1221 614 1284 667 et
1312 610 1460 688 quid
1500 610 1775 687 postules
1802 610 1887 669 ab
1932 610 2103 677 amico,

243 718 309 771 et
333 712 482 791 quid
508 714 744 790 patiare
772 733 811 772 a
834 717 900 771 te
926 714 1266 791 impetrari.

321 816 701 878 XXI.—Est
723 818 910 877 etiam
927 818 1103 896 quasi
1122 818 1399 896 quaedam
1427 818 1747 877 calamitas
1774 818 1843 876 in
1858 818 2099 877 amicitiis

245 920 625 981 dimittendis
652 905 1113 998 nonnumquam
1139 922 1524 980 necessaria:
1568 923 1695 999 jam
1724 922 1895 979 enim
1924 942 1961 981 a
1985 922 2099 997 sapi·

244 1026 481 1083 entium
527 1025 1061 1083 familiaritatibus
1110 1024 1191 1083 ad
1240 1025 1525 1100 vulgares
1584 1026 1891 1083 amicitias
1946 1025 2097 1083 oratio

243 1132 457 1187 nostra
514 1127 842 1187 delabitur.
969 1105 1325 1204 Erumpunt
1370 1148 1527 1205 saepe
1588 1128 1744 1187 vitia
1804 1128 2095 1187 amicorum

244 1251 436 1307 quum
474 1230 540 1287 in
565 1231 729 1309 ipsos
768 1230 1008 1301 amicos,
1037 1234 1176 1287 tum
1213 1230 1280 1288 in
1320 1230 1587 1302 alienos;
1626 1250 1895 1308 quorum
1935 1235 2097 1288 tamen

245 1334 326 1392 ad
367 1334 592 1393 amicos
644 1333 946 1392 redundet
999 1332 1275 1390 infamia.
1375 1333 1553 1391 Tales
1606 1333 1805 1409 igitur
1857 1334 2097 1391 amicitiae

245 1443 393 1496 sunt
435 1438 788 1497 remissione
830 1456 978 1496 usus
1023 1437 1315 1507 eluendae,
1345 1440 1426 1507 et,
1471 1441 1543 1495 ut
1599 1435 1899 1495 Catonem
1943 1438 2095 1494 dicere

246 1542 473 1614 audivi,
503 1540 847 1607 dissuendae
874 1541 1087 1617 magis,
1118 1561 1301 1618 quam
1341 1540 1752 1599 discindendae
1776 1565 1790 1613 3
1832 1541 1956 1600 nisi
1980 1560 2096 1619 quae·

246 1644 390 1702 dam
422 1642 751 1701 admodum
790 1642 1198 1701 intolerabilis
1224 1643 1452 1719 injuria
1490 1644 1806 1715 exarserit,
1834 1648 1909 1702 ut
1946 1662 2097 1720 neque

219 1751 484 1806 -rectum
527 1765 726 1824 neque
768 1745 1095 1804 honestum
1137 1746 1218 1806 sit
1261 1766 1457 1824 neque
1483 1746 1619 1806 fieri
1656 1749 1871 1826 possit,
1898 1753 1973 1806 ut
2012 1764 2093 1803 non

245 1851 459 1909 statim
485 1849 773 1908 alienatio
815 1850 1267 1928 disjunctioque
1306 1851 1587 1911 facienda
1612 1854 1710 1911 sit.
1797 1853 1909 1912 Sin
1936 1857 2095 1910 autem

245 1974 488 2013 morum
531 1957 644 2013 aut
691 1954 1038 2012 studiorum
1087 1957 1483 2014 commutatio
1545 1957 1846 2034 quaedam,
1895 1961 1969 2014 ut
2004 1955 2091 2012 fiem'

247 2059 420 2130 solet,
465 2057 634 2116 facta
675 2057 816 2127 erit,
860 2063 972 2116 aut
1016 2058 1085 2116 in
1127 2059 1477 2136 reipublicae
1524 2061 1827 2136 partibus
1850 2059 2093 2118 dissensio

246 2162 698 2220 intercesserit:
746 2161 993 2239 (loquor
1035 2162 1197 2220 enim
1242 2163 1387 2239 jam,
1437 2168 1511 2221 ut
1551 2164 1761 2240 paullo
1809 2170 1954 2222 ante
1998 2163 2091 2223 dixi,

246 2286 374 2325 non
413 2266 490 2324 de
551 2267 939 2344 sapientium,
986 2267 1097 2325 sed
1153 2267 1228 2326 de
1281 2268 1704 2326 communibus
1766 2269 2039 2327 amicitiis
2055 2268 2091 2337 :J

247 2371 588 2431 cavendum
615 2371 751 2441 erit,
775 2390 853 2429 ne
879 2390 1004 2428 non
1023 2371 1223 2429 solum
1250 2371 1533 2430 amicitiae
1561 2371 1869 2448 depositae,
1900 2374 2005 2431 sed
2024 2371 2093 2428 ini-

249 2475 499 2532 micitiae
527 2475 716 2532 etiam
743 2479 1040 2550 susceptae
1058 2473 1411 2533 videantur.
1493 2474 1668 2532 Nihil
1688 2476 1855 2533 enim
1886 2476 2094 2552 turpius.

248 2597 435 2656 quam
461 2597 601 2636 cum
627 2596 698 2636 eo
716 2576 947 2634 bellum
969 2595 1201 2653 gerere,
1220 2577 1470 2654 quicum
1490 2576 1883 2636 familiariter
1903 2578 2095 2638 vixeris.

250 2681 352 2739 Ab
393 2681 668 2766 amicitia
712 2679 783 2753 Q.
814 2679 1092 2757 Pompeii
1131 2699 1266 2738 meo
1303 2681 1546 2738 nomine
1584 2701 1647 2740 se
1686 2687 2039 2751 removerat,
2058 2693 2097 2733 ut

252 2783 438 2852 scitiS,
484 2781 728 2859 Scipi03
787 2785 1041 2858 propter
1088 2782 1523 2840 dissensionem
1566 2787 1793 2854 autem,
1838 2805 1976 2863 quae
2015 2794 2095 2840 erat

252 2886 320 2944 in
362 2885 693 2963 republica,
742 2885 1048 2943 alienatus
1104 2890 1200 2944 est
1253 2905 1293 2943 a
1337 2887 1571 2964 collega
1617 2893 1829 2946 nostro
1882 2887 2097 2946 Metello.

254 2989 606 3065 Utrumque
647 2987 776 3063 egit
813 2989 1106 3064 graviter,
1134 2991 1505 3049 auctoritate
1548 2997 1611 3049 et
1650 2991 1984 3051 offensione
2018 2988 2097 3048 ani·

257 3085 346 3142 mi
384 3104 506 3141 non
541 3083 780 3142 acerba.
863 3083 1273 3158 Quamobrem
1298 3085 1569 3161 primum
1601 3087 1805 3145 danda
1832 3107 2011 3165 opera
2031 3085 2096 3149 est,
