2160 3532
158 1459 162 1462 ’
258 1468 354 1528 vis
401 1469 566 1526 enim
611 1467 826 1526 multis
873 1467 1225 1525 nominibus
1263 1473 1358 1524 est
1397 1467 1512 1525 hoc
1550 1467 1778 1527 vitium
1816 1469 2137 1526 notandum

253 243 324 302 82
687 245 795 302 DE
844 247 1233 303 AMICITIA
1278 248 1643 314 DIALOGU
1652 249 1715 304 S.

253 413 486 486 amicos,
516 415 622 492 qui
647 416 842 474 dulces
865 416 1177 475 videantur
1194 441 1215 476 .·
1260 417 1397 476 illoc
1420 437 1619 488 verum
1646 438 1798 493 eaepe
1826 418 2041 488 dicere,
2073 417 2145 479 hoa

255 529 593 588 numquam.
689 511 899 589 Atque
938 513 1099 570 illud
1138 514 1493 585 absurdum,
1522 514 1689 592 quod
1729 514 1795 586 ii,
1844 515 1959 591 qui
2000 524 2145 571 mom

257 610 459 678 entur,
489 626 621 664 eam
648 609 1011 680 molestiam,
1028 629 1214 692 quam
1235 610 1460 667 debent
1486 629 1721 686 capere,
1742 630 1867 669 non
1888 611 2145 687 capiunt,

258 721 395 760 eam
446 703 723 780 capiunt,
771 723 893 782 qua
942 704 1169 762 debent
1208 724 1444 763 vacare.
1527 704 1825 763 Peccasse
1871 706 2049 762 enim
2084 724 2145 781 se,

255 817 383 856 non
407 804 758 876 anguntur3
789 801 1119 877 ,objurgari
1154 801 1407 858 moleste
1443 801 1661 859 ferunt
1686 826 1700 859 ε
1746 802 1923 879 quod
1948 806 2145 860 contra

256 894 580 970 oportebat
609 894 832 953 delicto
860 895 1083 966 dolere,
1114 896 1494 980 correctione
1521 897 1813 973 gaudere.

335 986 722 1046 XXV.—Ut
747 988 944 1064 igitur
982 991 1046 1045 et
1085 997 1339 1046 monere
1360 992 1426 1045 et
1450 989 1691 1046 moneri
1714 989 2051 1065 proprium
2075 993 2145 1045 est

257 1101 421 1142 verae
467 1083 770 1154 amicitioe,
820 1088 884 1141 et
929 1083 1198 1141 alterum
1244 1083 1435 1141 libere
1487 1084 1711 1154 facere,
1760 1103 1890 1142 non
1934 1103 2139 1162 aspere,

259 1179 529 1239 alterum
599 1179 910 1255 patienter
978 1179 1270 1256 accipere,
1339 1197 1462 1236 11011
1530 1185 1963 1256 repugnanter
1983 1205 1999 1238 z
2080 1179 2141 1236 sie

256 1275 611 1334 habendum
637 1279 752 1347 est,
772 1275 1010 1332 nullam
1035 1274 1103 1331 in
1130 1274 1415 1333 amicitiis
1441 1279 1678 1351 pestem
1696 1295 1831 1334 esse
1845 1278 2138 1355 majorem,

258 1393 446 1451 quam
475 1372 913 1441 adulationem,
939 1369 1325 1442 blanditiam,
1355 1371 1851 1430 assentationem.
1938 1373 2137 1446 Quam-

258 1567 489 1626 levium
532 1566 853 1624 hominum
899 1570 1086 1643 atque
1133 1566 1465 1638 fallacium,
1515 1567 1596 1626 ad
1639 1569 2039 1628 voluntatem
2076 1565 2144 1620 1oe

258 1663 584 1742 quentium
628 1656 850 1734 omnia,
882 1663 1063 1720 =nihil
1125 1663 1204 1721 ad
1255 1664 1602 1722 veritatem.
1684 1663 1896 1738 Quum
1954 1667 2136 1722 autem

259 1759 533 1819 omnium
572 1779 778 1817 rerum
817 1759 1131 1818 simulatio
1172 1763 1269 1817 est
1295 1760 1536 1831 vitiosa,
1570 1759 1768 1835 (tollit
1801 1761 1977 1819 enim
2002 1757 2144 1837 judi-l

260 1856 427 1915 cium
470 1854 618 1925 veri,
662 1853 849 1930 idque
905 1854 1219 1913 adulterat
1223 1855 1270 1930 ,)
1326 1859 1464 1913 tum
1516 1838 1799 1915 amicitiae
1853 1858 2135 1933 repugnat

257 1951 542 2009 maxime.
622 1950 806 2008 Delet
833 1950 997 2008 enim
1035 1952 1383 2023 veritatem,
1414 1952 1544 2009 sine
1584 1972 1707 2029 qua
1746 1972 1979 2011 nomen
2018 1950 2133 2009 ami·

258 2048 420 2106 citioe
444 2047 651 2105 valere
675 2065 798 2103 11011
825 2050 1050 2123 potest.
1132 2046 1297 2103 Nam
1322 2066 1513 2125 quum
1541 2048 1828 2106 amicitioe
1856 2048 1958 2107 vis
1988 2048 2065 2106 sit
2086 2046 2129 2100 in

257 2163 345 2215 ec,
384 2148 461 2201 ut
499 2162 662 2201 unus
696 2142 872 2220 quasi
897 2142 1139 2201 animus
1165 2143 1276 2200 fiat
1316 2162 1394 2199 ex
1433 2142 1753 2220 pluribus:
1798 2144 1907 2221 qui
1935 2144 2006 2201 id
2030 2138 2131 2200 fieri

257 2238 506 2317 poterit,
535 2238 588 2297 si
632 2256 714 2295 ne
753 2237 822 2295 in
859 2257 982 2295 uno
1023 2237 1271 2314 quidem
1311 2258 1553 2315 quoque
1577 2258 1739 2296 unus
1767 2240 2019 2297 animus
2044 2236 2129 2295 erit

257 2336 543 2414 idemque
571 2353 828 2410 semper,
867 2333 974 2392 sed
1014 2334 1239 2405 varius,
1276 2334 1746 2407 commutabiliS,
1775 2327 2128 2412 multiplex?

259 2431 422 2507 Quid
449 2429 614 2488 enim
640 2432 849 2506 potest
877 2447 1008 2486 esse
1033 2432 1163 2485 tam
1191 2428 1474 2501 flexibile,
1502 2433 1634 2488 tam
1675 2431 1945 2503 devium,
1978 2446 2126 2507 quam

256 2528 498 2585 animus
525 2525 678 2601 ejus,
703 2524 809 2601 qui
835 2523 916 2581 ad
942 2524 1198 2582 alterius
1224 2544 1346 2582 non
1372 2524 1550 2583 modo
1578 2545 1823 2584 sensum
1852 2546 1925 2584 ac
1946 2527 2123 2585 volun-

258 2627 470 2692 tatem,
497 2620 607 2679 sed
633 2619 823 2677 etiam
848 2619 1097 2678 vultum
1123 2622 1309 2697 atque
1335 2624 1564 2677 nutum
1590 2622 1986 2679 convertitur
2007 2620 2036 2680 ‘r‘

322 2746 494 2806 Negat
515 2745 666 2805 quis?
699 2757 823 2803 nequ
843 2760 860 2793 .·
897 2744 976 2791 ait
995 2746 1017 2791 ἓ
1051 2744 1135 2791 dio
1154 2760 1173 2793 .-
1199 2748 1447 2805 postremo
1468 2744 1717 2806 imperavi
1738 2744 1926 2805 eyomet
1950 2744 2086 2798 mihi,

326 2810 513 2861 Omnia
533 2809 784 2857 assentari
801 2825 820 2858 .·

257 2917 334 2971 ut
359 2914 449 2973 ait
476 2914 640 2972 idem
669 2913 1029 2984 Terentius3
1071 2912 1181 2971 sed
1206 2912 1312 2970 ille
1338 2912 1456 2971 sub
1488 2910 1832 2973 Gnathonis
1862 2932 2126 2993 persona:

258 3010 425 3088 quod
449 3010 628 3068 amici
655 3028 851 3085 genus
879 3009 1187 3080 adhibere,
1215 3010 1466 3068 omnino
1492 3010 1766 3068 levitatis
1794 3018 1907 3071 est.
1972 3004 2125 3070 Multi

260 3110 472 3165 autem
523 3104 924 3166 Gnathonum
969 3105 1199 3163 similes
1246 3124 1444 3183 quum
1498 3105 1643 3178 sint,
1692 3107 1839 3181 1000,
1884 3108 2125 3169 fortuna.
