2160 3532
255 246 330 301 80
688 245 796 299 ΒΕ
846 244 1232 301 AMICITIA
1278 242 1713 300 DIALOGUS.

255 416 405 493 quid
431 416 599 485 velit,
629 418 919 492 anquirat
946 435 1018 475 ac
1044 416 1382 475 desideret:
1426 415 1923 475 obsurdescimus
1952 420 2145 473 tamen

255 522 462 579 nescio
489 521 809 598 quomod0,
837 541 946 578 nec
974 539 1064 591 ea,
1094 541 1229 597 quae
1258 522 1336 579 ab
1377 540 1449 579 ea
1483 540 1823 591 monemur,
1850 521 2145 579 audimus·⁴

258 626 372 685 Est
398 627 560 697 enim
589 626 797 685 varius
838 631 903 684 et
941 626 1270 703 multiplex
1310 645 1456 683 usus
1485 625 1796 697 amicitiae‚
1826 625 2145 699 multaeque

259 750 458 789 causae
503 729 922 807 suspicionum
949 729 1471 805 offensionumque
1498 730 1731 787 dantur
1752 754 1769 787 t
1829 749 1991 805 quas
2032 734 2144 785 tum

259 834 514 903 evitare,
543 837 678 890 tum
705 834 960 903 elevare,
990 838 1128 891 tum
1152 832 1319 892 ferre
1358 833 1652 909 sapientis
1679 838 1799 891 est.
1883 833 2038 891 Una
2062 833 2145 888 illa

261 938 639 997 sublevanda
664 938 922 997 offensio
949 941 1060 1008 est,
1090 942 1163 996 ut
1190 943 1254 995 et
1280 938 1503 996 veritas
1529 938 1594 995 in
1622 938 1905 995 amicitia
1934 944 1999 995 et
2020 938 2141 994 fides

260 1042 635 1099 retineatur:
677 1061 822 1099 nam
849 1045 912 1099 et
936 1040 1225 1099 monendi
1252 1041 1431 1099 amici
1458 1060 1617 1117 saepe
1657 1044 1809 1099 sunt
1850 1046 1919 1099 et
1964 1042 2139 1117 objur-

259 1146 468 1223 gandi,
510 1151 575 1204 et
621 1146 750 1205 haec
797 1145 1152 1222 accipienda
1192 1146 1399 1215 amice,
1428 1165 1621 1222 quum
1660 1146 1966 1205 benevole
1993 1148 2135 1203 fiunt

264 1250 399 1320 Sed,
427 1250 633 1309 nescio
659 1250 979 1326 quomodo,
1006 1268 1222 1308 verum
1263 1253 1379 1319 est,
1406 1249 1568 1325 quod
1593 1249 1661 1307 in
1701 1249 1955 1309 Andria
1994 1250 2137 1311 fami·

262 1354 433 1413 liaris
457 1374 632 1414 meus
659 1354 844 1413 dicit:
1591 1354 1597 1359 ’

643 1506 959 1569 Obsequium
981 1508 1193 1566 amicos,
1215 1507 1403 1558 veritas
1426 1506 1602 1556 odium
1625 1508 1785 1569 parit.

263 1648 525 1707 Molesta
561 1648 810 1719 veritas,
841 1648 894 1706 si
920 1649 1166 1726 quidem
1207 1668 1283 1706 ex
1324 1668 1396 1707 ea
1434 1650 1711 1708 nascitur
1740 1650 1979 1721 odium,
2009 1610 2145 1743 quod!

264 1758 357 1812 est
378 1773 683 1813 venenum
704 1752 992 1812 amicitiae
1015 1777 1028 1811 ε
1071 1753 1179 1813 sed
1208 1754 1567 1832 obsequium
1590 1754 1797 1813 multo
1824 1756 2135 1820 molestiuS,

262 1859 426 1935 quod
452 1857 720 1934 peccatis
746 1857 1075 1936 indulgens
1103 1858 1479 1936 praecipitem
1504 1858 1780 1916 amicum
1821 1860 1984 1918 ferri
2008 1859 2133 1920 sinit.

263 1962 534 2020 Maxima
562 1966 775 2020 autem
801 1962 986 2038 culpa
1023 1963 1089 2018 in
1129 1982 1199 2020 eo
1240 1967 1351 2033 est,
1378 1962 1486 2039 qui
1513 1966 1576 2020 et
1602 1962 1945 2022 veritatem
1974 1983 2133 2041 asper·

263 2071 470 2138 natur,
501 2071 564 2126 et
589 2066 654 2124 in
682 2065 964 2123 fraudem
991 2066 1279 2142 obsequio
1304 2066 1665 2142 impellitur.
1752 2067 1957 2126 Omni
1983 2070 2133 2146 igitur

261 2173 374 2232 hac
417 2173 483 2231 in
521 2190 590 2228 re
630 2170 908 2229 habenda
932 2169 1091 2228 ratio
1132 2174 1197 2227 et
1237 2170 1559 2246 diligentia
1597 2174 1727 2241 esi-13
1770 2174 2064 2248 primum,
2086 2180 2133 2225 ut

259 2278 518 2337 monitio
571 2277 924 2348 acerbitate,
979 2276 1199 2334 deinde
1253 2283 1326 2334 ut
1380 2277 1732 2354 objurgatio
1789 2277 2129 2337 contumelia

261 2387 490 2442 careat.
569 2380 649 2437 In
686 2379 948 2456 obsequio
979 2383 1198 2438 autem
1229 2379 1546 2456 (quoniam
1573 2380 1959 2442 Terentiano
1986 2383 2138 2466 verbo]

261 2486 547 2544 lubenter
566 2484 831 2559 utimur)
859 2483 1116 2542 comitas
1138 2483 1329 2541 adsit:
1360 2484 1709 2555 assentatio,
1730 2486 2040 2546 vitiorum
2061 2475 2138 2544 ad?

261 2589 478 2666 jutrix,
505 2588 721 2665 procul
747 2590 1138 2645 amoveatur:
1182 2606 1318 2664 quae
1344 2607 1469 2645 non
1495 2587 1675 2645 modo
1704 2589 1933 2660 amico,
1963 2592 2064 2650 sed
2083 2605 2129 2646 ne

263 2691 456 2751 libero
483 2690 729 2767 quidem
756 2690 941 2766 digua
961 2694 1057 2748 est
1077 2715 1093 2748 ε
1124 2691 1307 2748 aliter
1327 2691 1494 2748 enim
1512 2711 1652 2749 cum
1672 2697 1971 2769 tyranno,
1992 2697 2136 2778 aliter¹

263 2818 406 2856 cum
431 2795 626 2853 amico
652 2794 904 2853 vivitur.
988 2793 1184 2872 Cujus
1213 2798 1422 2852 autem
1450 2815 1629 2854 aures
1656 2796 1923 2857 veritati
1950 2802 2129 2860 clausae

263 2905 422 2970 sunt,
440 2903 514 2956 ut
541 2898 620 2956 ab
647 2897 842 2955 amico
870 2915 1085 2954 verum
1113 2916 1185 2954 au
1194 2896 1324 2954 dire
1352 2902 1633 2975 nequeat,
1651 2898 1845 2975 hujus
1865 2903 2041 2962 salus
2064 2901 2127 2957 de-

263 3002 563 3082 speranda
589 3005 702 3060 est.
786 2998 1026 3058 Scitum
1045 3004 1141 3057 est
1162 2999 1327 3058 enim
1346 3001 1504 3060 illud
1525 3001 1799 3074 Catonis,
1818 3010 1897 3062 ut
1928 3009 2125 3065 multa:

265 3109 480 3166 Melius
525 3107 596 3163 de
635 3103 978 3182 quibusdam
1009 3104 1237 3161 acerbos
1277 3105 1545 3164 inimicos
1587 3108 1817 3179 mereri,
1861 3129 2047 3186 quam
2074 3125 2127 3165 eos

2130 3317 2133 3496 ἰ
