2160 3532
272 294 344 348 64
700 294 808 350 DE
856 251 1245 349 ΑΜΙΟΙΤΙᾸ
1292 292 1729 371 DIALOGUS.

268 465 442 544 equis
495 465 726 524 vetulis
781 470 1025 524 teneros
1078 470 1450 543 anteponere
1505 465 1792 523 solemus.
1902 462 2129 536 1ndjgnn

268 569 512 628 homine
541 570 843 628 dubitatio
867 568 878 627 Ξ
963 569 1107 628 Non
1132 571 1297 652 enim
1326 568 1737 645 amicitiarum
1766 566 2001 625 debent
2028 584 2129 634 esse,

268 674 431 733 sicut
486 673 750 732 aliarum
800 693 1009 732 rerum
1063 673 1401 733 satietates.
1482 671 1847 731 Veterrimae
1894 687 2128 748 quaeque,

266 783 342 836 ut
365 797 438 836 ea
463 777 628 850 vina,
657 797 793 854 quae
831 782 1219 862 vetustatem·
1250 777 1481 847 ferunt,
1510 795 1640 834 esse
1666 774 1895 833 debent
1938 773 2128 832 suavis·

268 882 457 942 sima:
501 901 838 959 verumque
877 881 1033 939 illud
1059 885 1173 953 est,
1202 868 1365 958 quod
1403 880 1649 950 dicitur,
1690 879 1906 937 multos
1948 878 2125 935 modios

268 986 430 1047 salis,
461 986 656 1044 simu&
684 986 925 1050 edendos
965 1006 1097 1056 esse,
1140 990 1217 1042 ut
1258 983 1542 1043 amicitiae
1578 1002 1809 1042 munus
1853 983 2128 1060 expletum

269 1090 368 1148 sit.
426 1089 769 1178 Qovitates
813 1094 1038 1160 autem,
1084 1089 1136 1146 si
1176 1107 1347 1166 spem
1386 1087 1675 1159 afferunt,
1717 1090 1809 1157 ut,
1852 1091 2128 1176 tamquam¹

269 1191 335 1250 in
379 1193 587 1252 herbis
637 1213 762 1251 non
812 1193 1155 1263 fallacibus,
1189 1176 1441 1249 'fructus
1485 1194 1797 1268 appareat,
1848 1209 1978 1247 non
2025 1177 2128 1247 sun&

267 1298 389 1358 illue
425 1298 671 1376 quidem
705 1299 1130 1377 repudiandam
1171 1302 1450 1356 vetustas
1478 1302 1687 1354 tamen
1728 1315 1841 1354 suo
1864 1295 2007 1354 loco
2033 1313 2123 1352 con-

268 1403 572 1462 servanda
610 1408 725 1462 est.
805 1403 1080 1461 Maxima
1117 1406 1214 1461 est
1248 1402 1412 1460 euim
1437 1401 1535 1460 vis
1560 1401 1892 1459 vetustatis
1928 1404 1997 1458 et
2032 1417 2121 1456 con·

269 1507 631 1566 suetudinis,
713 1507 877 1582 Quin
919 1508 1054 1583 ipso
1102 1525 1274 1584 equ0,
1322 1507 1503 1583 cujus
1554 1503 1732 1562 modo
1791 1504 2121 1562 mentionem

267 1610 406 1683 feci,
447 1611 502 1669 si
539 1611 714 1670 nulla
754 1630 852 1669 res
897 1609 1195 1686 impediat
1239 1627 1419 1667 nemo
1458 1613 1570 1678 est,
1598 1607 1707 1684 qui
1745 1626 1873 1666 non
1910 1626 2009 1678 ec,
2046 1621 2121 1680 quo

268 1715 607 1787 consuevit,
642 1715 934 1774 libentius
972 1718 1211 1786 utatur,
1252 1731 1440 1791 quam
1478 1711 1817 1771 intractato
1857 1714 1921 1769 et
1969 1727 2119 1769 novo:

270 1831 382 1870 nec
420 1832 566 1871 vero
597 1812 665 1869 in
703 1811 837 1881 hoc,
865 1812 1028 1887 quod
1055 1815 1149 1869 est
1190 1810 1435 1879 animal,
1464 1808 1572 1867 sed
1596 1808 1665 1866 in
1691 1807 1769 1866 iis
1798 1807 2009 1876 etiam,
2035 1822 2119 1880 quae

269 1911 417 1966 sunt
471 1906 824 1977 inanimata,
878 1905 1254 1964 consuetudo
1300 1905 1502 1975 valet3
1564 1924 1757 1980 quum
1816 1903 1974 1961 locis
2022 1899 2121 1977 ipsis

271 2002 660 2072 delectemur,
686 2001 1025 2060 montuosis
1064 2001 1255 2059 etiam
1294 2004 1359 2059 et
1396 1999 1801 2070 silvestribus,
1836 1999 1907 2056 in
1948 1998 2126 2077 quibus

271 2097 500 2156 diutius
533 2097 891 2156 commorati
931 2116 1160 2155 sumus.
1203 2094 1368 2172 -Sed
1395 2095 1735 2153 maximum
1776 2100 1870 2153 est
1910 2096 1981 2153 in
2020 2090 2126 2151 ami-2

270 2193 435 2266 citia,
463 2193 834 2270 superiorem
871 2212 1085 2270 parem
1124 2211 1257 2251 esse
1294 2190 1607 2262 inferiori3
1653 2209 1813 2266 saepe
1856 2191 2025 2249 enim
2058 2206 2115 2244 ex-

272 2288 568 2349 cellentioe
603 2288 881 2365 quaedam
917 2292 1086 2358 sunt,
1115 2286 1313 2363 qualis
1349 2291 1484 2345 erat
1513 2284 1814 2363 Scipionis
1840 2286 1911 2343 in
1938 2291 2115 2346 nomam,

274 2389 344 2443 ut
368 2384 462 2443 ita
486 2384 705 2454 dicam,
731 2402 937 2461 grege.
1004 2381 1359 2459 Numquam
1386 2399 1453 2439 se
1477 2381 1581 2439 ille
1608 2380 1806 2451 Philo,
1830 2386 2111 2463 numqua?

271 2480 539 2557 Rupilio,
566 2499 905 2556 numquam
942 2478 1241 2535 Mummio
1288 2476 1658 2554 anteposuit,
1701 2495 2039 2553 numquam
2068 2474 2113 2529 in

271 2576 514 2635 ferioris
557 2574 791 2635 ordinis
841 2573 1075 2632 amicis.
1184 2572 1259 2647 Q.
1306 2590 1454 2630 vero
1494 2571 1837 2628 Maximum
1889 2571 2113 2630 fratrem.

276 2670 591 2749 egregium
624 2670 846 2740 virum,
884 2669 1128 2728 omnino
1164 2667 1285 2726 sibi
1318 2686 1705 2745 nequaquam
1738 2686 1975 2743 parem,
2010 2660 2115 2744 quod

273 2767 328 2826 is
353 2766 630 2826 anteibat
667 2769 863 2836 aetate,
891 2769 1210 2840 tamquam
1236 2763 1606 2839 superiorem
1640 2762 1884 2821 colebat
1913 2776 2113 2837 suosque

266 2880 486 2922 ‘omnes
511 2882 622 2939 per
647 2881 712 2920 se
741 2880 871 2920 esse
897 2860 1221 2937 ampliores
1247 2859 1515 2917 volebat.
1582 2857 1780 2932 -Quod
1817 2858 2115 2918 faciendum

275 2958 768 3034 imitandumque
832 2960 928 3015 est
981 2956 1265 3014 omnibus
1299 2979 1314 3016 ε
1386 2961 1476 3026 ut,
1532 2956 1585 3013 si
1635 2974 1824 3033 quam
1879 2960 2124 3034 praestan-2

278 3055 432 3113 tiam
470 3054 742 3123 virtutis,
788 3051 1038 3127 ingenii,
1078 3051 1349 3110 fortunae
1386 3051 1697 3110 consecuti
1744 3057 1910 3123 sunt,
1953 3036 2124 3139 impet:

279 3149 446 3207 tiant
495 3168 568 3207 ca
620 3149 749 3207 suis
792 3146 1358 3224 communicentque
1410 3167 1553 3206 cum
1597 3147 1933 3225 proximis3
1986 3151 2065 3214 ut,
2090 3138 2124 3195 si
