<?xml version="1.0" encoding="UTF-8"?>
<!DOCTYPE html PUBLIC "-//W3C//DTD XHTML 1.0 Transitional//EN"
    "http://www.w3.org/TR/xhtml1/DTD/xhtml1-transitional.dtd">
<html xmlns="http://www.w3.org/1999/xhtml" xml:lang="en" lang="en">
 <head>
  <title>
</title>
<meta http-equiv="Content-Type" content="text/html;charset=utf-8" />
  <meta name='ocr-system' content='tesseract 3.04.00' />
  <meta name='ocr-capabilities' content='ocr_page ocr_carea ocr_par ocr_line ocrx_word'/>
</head>
<body>
  <div class='ocr_page' id='page_1' title='image "./laeliussivedeam01cicegoog/laeliussivedeam01cicegoog_0064.png"; bbox 0 0 2160 3532; ppageno 0'>
   <div class='ocr_carea' id='block_1_1' title="bbox 290 0 2127 1297">
    <p class='ocr_par' dir='ltr' id='par_1_1' title="bbox 290 0 2127 1297">
     <span class='ocr_line' id='line_1_1' title="bbox 2109 0 2123 138; baseline 0 3394"><span class='ocrx_word' id='word_1_1' title='bbox 2109 0 2123 138; x_wconf 95' lang='lat' dir='ltr'><strong> </strong></span> 
     </span>
     <span class='ocr_line' id='line_1_2' title="bbox 290 138 2125 631; baseline 0 -245"><span class='ocrx_word' id='word_1_2' title='bbox 290 138 2125 631; x_wconf 95' lang='lat' dir='ltr'><strong>       </strong></span> 
     </span>
     <span class='ocr_line' id='line_1_3' title="bbox 2073 631 2127 974; baseline 0 -96"><span class='ocrx_word' id='word_1_3' title='bbox 2073 631 2127 974; x_wconf 95' lang='lat' dir='ltr'><strong>    </strong></span> 
     </span>
     <span class='ocr_line' id='line_1_4' title="bbox 2056 974 2127 1297; baseline 0 -16"><span class='ocrx_word' id='word_1_4' title='bbox 2056 974 2127 1297; x_wconf 95' lang='lat' dir='ltr'><strong>   </strong></span> 
     </span>
    </p>
   </div>
   <div class='ocr_carea' id='block_1_2' title="bbox 285 267 1740 325">
    <p class='ocr_par' dir='ltr' id='par_1_2' title="bbox 285 267 1740 325">
     <span class='ocr_line' id='line_1_5' title="bbox 285 267 1740 325; baseline -0.001 -1"><span class='ocrx_word' id='word_1_5' title='bbox 285 268 353 325; x_wconf 79' lang='lat'><strong>62</strong></span> <span class='ocrx_word' id='word_1_6' title='bbox 714 268 820 323; x_wconf 76' lang='lat' dir='ltr'><strong>DE</strong></span> <span class='ocrx_word' id='word_1_7' title='bbox 871 268 1259 324; x_wconf 79' lang='lat' dir='ltr'>AMICITIA</span> <span class='ocrx_word' id='word_1_8' title='bbox 1306 267 1740 323; x_wconf 83' lang='lat' dir='ltr'>DIALOGUS.</span> 
     </span>
    </p>
   </div>
   <div class='ocr_carea' id='block_1_3' title="bbox 285 441 2111 935">
    <p class='ocr_par' dir='ltr' id='par_1_3' title="bbox 285 441 2111 935">
     <span class='ocr_line' id='line_1_6' title="bbox 285 441 2064 519; baseline -0.002 -18"><span class='ocrx_word' id='word_1_9' title='bbox 285 444 774 501; x_wconf 67' lang='lat' dir='ltr'><strong>Firmamentum</strong></span> <span class='ocrx_word' id='word_1_10' title='bbox 819 446 1030 500; x_wconf 86' lang='lat' dir='ltr'><strong>autem</strong></span> <span class='ocrx_word' id='word_1_11' title='bbox 1085 442 1447 501; x_wconf 73' lang='lat' dir='ltr'><strong>stabilitatis</strong></span> <span class='ocrx_word' id='word_1_12' title='bbox 1504 441 1986 519; x_wconf 74' lang='lat' dir='ltr'><strong>constantiaeque</strong></span> <span class='ocrx_word' id='word_1_13' title='bbox 2022 443 2064 517; x_wconf 84' lang='lat' dir='ltr'><strong>ej</strong></span> 
     </span>
     <span class='ocr_line' id='line_1_7' title="bbox 287 544 2083 622; baseline -0.002 -18"><span class='ocrx_word' id='word_1_14' title='bbox 287 547 471 622; x_wconf 82' lang='lat' dir='ltr'><strong>quam</strong></span> <span class='ocrx_word' id='word_1_15' title='bbox 521 546 590 603; x_wconf 93' lang='lat' dir='ltr'><strong>in</strong></span> <span class='ocrx_word' id='word_1_16' title='bbox 643 546 914 603; x_wconf 87' lang='lat' dir='ltr'><strong>amicitia</strong></span> <span class='ocrx_word' id='word_1_17' title='bbox 968 546 1316 621; x_wconf 75' lang='lat' dir='ltr'><strong>quaerimus,</strong></span> <span class='ocrx_word' id='word_1_18' title='bbox 1373 545 1520 603; x_wconf 90' lang='lat' dir='ltr'><strong>fides</strong></span> <span class='ocrx_word' id='word_1_19' title='bbox 1575 549 1689 603; x_wconf 87' lang='lat' dir='ltr'><strong>est.</strong></span> <span class='ocrx_word' id='word_1_20' title='bbox 1790 544 1965 602; x_wconf 88' lang='lat' dir='ltr'><strong>Nihil</strong></span> <span class='ocrx_word' id='word_1_21' title='bbox 2012 544 2083 601; x_wconf 83' lang='lat' dir='ltr'><strong>eni</strong></span> 
     </span>
     <span class='ocr_line' id='line_1_8' title="bbox 287 643 2105 725; baseline -0.003 -17"><span class='ocrx_word' id='word_1_22' title='bbox 287 650 505 708; x_wconf 88' lang='lat' dir='ltr'><strong>stabile</strong></span> <span class='ocrx_word' id='word_1_23' title='bbox 533 654 648 719; x_wconf 90' lang='lat' dir='ltr'><strong>est,</strong></span> <span class='ocrx_word' id='word_1_24' title='bbox 677 643 840 725; x_wconf 81' lang='lat' dir='ltr'><strong>quod</strong></span> <span class='ocrx_word' id='word_1_25' title='bbox 865 648 1142 707; x_wconf 89' lang='lat' dir='ltr'><strong>infidum.</strong></span> <span class='ocrx_word' id='word_1_26' title='bbox 1168 652 1181 662; x_wconf 86' lang='lat'>&#39;</span> <span class='ocrx_word' id='word_1_27' title='bbox 1214 648 1572 725; x_wconf 86' lang='lat' dir='ltr'><strong>Simplicem</strong></span> <span class='ocrx_word' id='word_1_28' title='bbox 1599 653 1904 725; x_wconf 71' lang='lat' dir='ltr'><strong>praeterea</strong></span> <span class='ocrx_word' id='word_1_29' title='bbox 1930 652 1992 706; x_wconf 89' lang='lat' dir='ltr'><strong>et</strong></span> <span class='ocrx_word' id='word_1_30' title='bbox 2015 666 2105 705; x_wconf 85' lang='lat' dir='ltr'><strong>com</strong></span> 
     </span>
     <span class='ocr_line' id='line_1_9' title="bbox 288 734 2111 830; baseline -0.003 -19"><span class='ocrx_word' id='word_1_31' title='bbox 288 774 538 812; x_wconf 84' lang='lat' dir='ltr'><strong>munem</strong></span> <span class='ocrx_word' id='word_1_32' title='bbox 577 758 642 811; x_wconf 90' lang='lat' dir='ltr'><strong>et</strong></span> <span class='ocrx_word' id='word_1_33' title='bbox 679 734 1183 822; x_wconf 84' lang='lat' dir='ltr'><strong>consentientem,</strong></span> <span class='ocrx_word' id='word_1_34' title='bbox 1213 752 1319 830; x_wconf 92' lang='lat' dir='ltr'><strong>qui</strong></span> <span class='ocrx_word' id='word_1_35' title='bbox 1361 753 1546 811; x_wconf 87' lang='lat' dir='ltr'><strong>rebus</strong></span> <span class='ocrx_word' id='word_1_36' title='bbox 1587 753 1807 810; x_wconf 89' lang='lat' dir='ltr'><strong>iisdem</strong></span> <span class='ocrx_word' id='word_1_37' title='bbox 1845 756 2111 811; x_wconf 77' lang='lat' dir='ltr'><strong>moveatur</strong></span> 
     </span>
     <span class='ocr_line' id='line_1_10' title="bbox 287 856 2073 935; baseline -0.003 -20"><span class='ocrx_word' id='word_1_38' title='bbox 287 858 434 935; x_wconf 84' lang='lat' dir='ltr'>eligi</span> <span class='ocrx_word' id='word_1_39' title='bbox 494 878 607 935; x_wconf 88' lang='lat' dir='ltr'><strong>par</strong></span> <span class='ocrx_word' id='word_1_40' title='bbox 659 861 798 915; x_wconf 85' lang='lat' dir='ltr'><strong>est:</strong></span> <span class='ocrx_word' id='word_1_41' title='bbox 862 877 996 933; x_wconf 82' lang='lat' dir='ltr'><strong>quae</strong></span> <span class='ocrx_word' id='word_1_42' title='bbox 1051 856 1259 915; x_wconf 89' lang='lat' dir='ltr'><strong>omnia</strong></span> <span class='ocrx_word' id='word_1_43' title='bbox 1310 858 1622 934; x_wconf 84' lang='lat' dir='ltr'><strong>pertinent</strong></span> <span class='ocrx_word' id='word_1_44' title='bbox 1674 856 1754 914; x_wconf 89' lang='lat' dir='ltr'><strong>ad</strong></span> <span class='ocrx_word' id='word_1_45' title='bbox 1806 856 2073 913; x_wconf 80' lang='lat' dir='ltr'><strong>fidelitate</strong></span> 
     </span>
    </p>
   </div>
   <div class='ocr_carea' id='block_1_4' title="bbox 291 1167 2119 1671">
    <p class='ocr_par' dir='ltr' id='par_1_4' title="bbox 291 1167 2119 1671">
     <span class='ocr_line' id='line_1_11' title="bbox 291 1167 2117 1243; baseline -0.003 -16"><span class='ocrx_word' id='word_1_46' title='bbox 291 1173 577 1227; x_wconf 89' lang='lat' dir='ltr'><strong>movetur</strong></span> <span class='ocrx_word' id='word_1_47' title='bbox 621 1174 687 1226; x_wconf 90' lang='lat' dir='ltr'><strong>et</strong></span> <span class='ocrx_word' id='word_1_48' title='bbox 728 1172 954 1225; x_wconf 88' lang='lat' dir='ltr'><strong>natura</strong></span> <span class='ocrx_word' id='word_1_49' title='bbox 970 1206 978 1212; x_wconf 88' lang='lat'><em>-</em></span> <span class='ocrx_word' id='word_1_50' title='bbox 995 1167 1322 1237; x_wconf 74' lang='lat' dir='ltr'><strong>consentit,</strong></span> <span class='ocrx_word' id='word_1_51' title='bbox 1362 1167 1520 1225; x_wconf 90' lang='lat' dir='ltr'><strong>fidus</strong></span> <span class='ocrx_word' id='word_1_52' title='bbox 1558 1171 1669 1225; x_wconf 91' lang='lat' dir='ltr'><strong>aut</strong></span> <span class='ocrx_word' id='word_1_53' title='bbox 1712 1167 1953 1225; x_wconf 83' lang='lat' dir='ltr'><strong>stabilis</strong></span> <span class='ocrx_word' id='word_1_54' title='bbox 1983 1169 2117 1243; x_wconf 59' lang='lat' dir='ltr'><strong>potes}</strong></span> 
     </span>
     <span class='ocr_line' id='line_1_12' title="bbox 291 1270 2115 1343; baseline -0.003 -11"><span class='ocrx_word' id='word_1_55' title='bbox 291 1294 437 1333; x_wconf 89' lang='lat' dir='ltr'><strong>esse.</strong></span> <span class='ocrx_word' id='word_1_56' title='bbox 520 1272 893 1330; x_wconf 88' lang='lat' dir='ltr'><strong>Addendum</strong></span> <span class='ocrx_word' id='word_1_57' title='bbox 921 1272 1135 1329; x_wconf 88' lang='lat' dir='ltr'><strong>eodem</strong></span> <span class='ocrx_word' id='word_1_58' title='bbox 1172 1276 1288 1343; x_wconf 89' lang='lat' dir='ltr'><strong>est,</strong></span> <span class='ocrx_word' id='word_1_59' title='bbox 1316 1276 1390 1330; x_wconf 89' lang='lat' dir='ltr'><strong>ut</strong></span> <span class='ocrx_word' id='word_1_60' title='bbox 1427 1293 1505 1330; x_wconf 91' lang='lat' dir='ltr'><strong>ne</strong></span> <span class='ocrx_word' id='word_1_61' title='bbox 1541 1272 1906 1333; x_wconf 82' lang='lat' dir='ltr'>criminibus</span> <span class='ocrx_word' id='word_1_62' title='bbox 1946 1277 2044 1331; x_wconf 87' lang='lat' dir='ltr'><strong>aut</strong></span> <span class='ocrx_word' id='word_1_63' title='bbox 2070 1270 2115 1326; x_wconf 87' lang='lat' dir='ltr'><strong>in·</strong></span> 
     </span>
     <span class='ocr_line' id='line_1_13' title="bbox 293 1376 2117 1453; baseline -0.002 -16"><span class='ocrx_word' id='word_1_64' title='bbox 293 1379 562 1437; x_wconf 78' lang='lat' dir='ltr'><strong>ferendis</strong></span> <span class='ocrx_word' id='word_1_65' title='bbox 589 1378 926 1435; x_wconf 73' lang='lat' dir='ltr'><strong>delectetur</strong></span> <span class='ocrx_word' id='word_1_66' title='bbox 959 1381 1070 1435; x_wconf 89' lang='lat' dir='ltr'><strong>aut</strong></span> <span class='ocrx_word' id='word_1_67' title='bbox 1110 1376 1322 1435; x_wconf 88' lang='lat' dir='ltr'><strong>credat</strong></span> <span class='ocrx_word' id='word_1_68' title='bbox 1350 1376 1607 1435; x_wconf 84' lang='lat' dir='ltr'><strong>oblatis:</strong></span> <span class='ocrx_word' id='word_1_69' title='bbox 1652 1397 1791 1453; x_wconf 81' lang='lat' dir='ltr'><strong>quoe</strong></span> <span class='ocrx_word' id='word_1_70' title='bbox 1818 1377 2020 1435; x_wconf 81' lang='lat' dir='ltr'><strong>omnia</strong></span> <span class='ocrx_word' id='word_1_71' title='bbox 2040 1392 2117 1450; x_wconf 62' lang='lat' dir='ltr'><strong>per‘</strong></span> 
     </span>
     <span class='ocr_line' id='line_1_14' title="bbox 292 1480 2117 1557; baseline -0.004 -17"><span class='ocrx_word' id='word_1_72' title='bbox 292 1483 494 1541; x_wconf 86' lang='lat' dir='ltr'><strong>tinent</strong></span> <span class='ocrx_word' id='word_1_73' title='bbox 534 1482 613 1539; x_wconf 89' lang='lat' dir='ltr'><strong>ad</strong></span> <span class='ocrx_word' id='word_1_74' title='bbox 655 1500 805 1551; x_wconf 89' lang='lat' dir='ltr'><strong>eam,</strong></span> <span class='ocrx_word' id='word_1_75' title='bbox 851 1500 1036 1556; x_wconf 89' lang='lat' dir='ltr'><strong>quam</strong></span> <span class='ocrx_word' id='word_1_76' title='bbox 1080 1480 1443 1557; x_wconf 84' lang='lat' dir='ltr'><strong>jamdudum</strong></span> <span class='ocrx_word' id='word_1_77' title='bbox 1489 1484 1708 1550; x_wconf 85' lang='lat' dir='ltr'><strong>tract0‚</strong></span> <span class='ocrx_word' id='word_1_78' title='bbox 1747 1480 2117 1539; x_wconf 82' lang='lat' dir='ltr'><strong>constantiam.</strong></span> 
     </span>
     <span class='ocr_line' id='line_1_15' title="bbox 295 1578 2119 1671; baseline -0.004 -27"><span class='ocrx_word' id='word_1_79' title='bbox 295 1587 396 1644; x_wconf 88' lang='lat' dir='ltr'><strong>Ita</strong></span> <span class='ocrx_word' id='word_1_80' title='bbox 447 1585 519 1642; x_wconf 90' lang='lat' dir='ltr'><strong>fit</strong></span> <span class='ocrx_word' id='word_1_81' title='bbox 565 1604 782 1644; x_wconf 82' lang='lat' dir='ltr'><strong>verum</strong></span> <span class='ocrx_word' id='word_1_82' title='bbox 828 1582 1003 1655; x_wconf 90' lang='lat' dir='ltr'><strong>illud,</strong></span> <span class='ocrx_word' id='word_1_83' title='bbox 1046 1583 1210 1659; x_wconf 90' lang='lat' dir='ltr'><strong>quod</strong></span> <span class='ocrx_word' id='word_1_84' title='bbox 1256 1584 1433 1671; x_wconf 74' lang='lat' dir='ltr'><strong>initio</strong></span> <span class='ocrx_word' id='word_1_85' title='bbox 1479 1584 1625 1653; x_wconf 85' lang='lat' dir='ltr'>dixi,</span> <span class='ocrx_word' id='word_1_86' title='bbox 1666 1584 2023 1655; x_wconf 81' lang='lat' dir='ltr'><strong>amicitiam,</strong></span> <span class='ocrx_word' id='word_1_87' title='bbox 2054 1578 2119 1637; x_wconf 80' lang='lat' dir='ltr'><strong>nisi</strong></span> 
     </span>
    </p>
   </div>
   <div class='ocr_carea' id='block_1_5' title="bbox 2118 1294 2125 1705">
    <p class='ocr_par' dir='ltr' id='par_1_5' title="bbox 2118 1294 2125 1705">
     <span class='ocr_line' id='line_1_16' title="bbox 2118 1294 2125 1705; baseline 0 1827"><span class='ocrx_word' id='word_1_88' title='bbox 2118 1294 2125 1705; x_wconf 95' lang='lat' dir='ltr'><strong> </strong></span> 
     </span>
    </p>
   </div>
   <div class='ocr_carea' id='block_1_6' title="bbox 291 1688 2124 2342">
    <p class='ocr_par' dir='ltr' id='par_1_6' title="bbox 291 1688 2124 2342">
     <span class='ocr_line' id='line_1_17' title="bbox 293 1688 2124 1766; baseline -0.004 -17"><span class='ocrx_word' id='word_1_89' title='bbox 293 1692 456 1749; x_wconf 88' lang='lat' dir='ltr'><strong>inter</strong></span> <span class='ocrx_word' id='word_1_90' title='bbox 483 1691 695 1758; x_wconf 80' lang='lat' dir='ltr'><strong>bonOS,</strong></span> <span class='ocrx_word' id='word_1_91' title='bbox 725 1707 854 1745; x_wconf 89' lang='lat' dir='ltr'><strong>esse</strong></span> <span class='ocrx_word' id='word_1_92' title='bbox 890 1708 1014 1746; x_wconf 90' lang='lat' dir='ltr'><strong>non</strong></span> <span class='ocrx_word' id='word_1_93' title='bbox 1052 1708 1246 1765; x_wconf 88' lang='lat' dir='ltr'><strong>posse.</strong></span> <span class='ocrx_word' id='word_1_94' title='bbox 1330 1688 1444 1745; x_wconf 89' lang='lat' dir='ltr'><strong>Est</strong></span> <span class='ocrx_word' id='word_1_95' title='bbox 1470 1688 1635 1745; x_wconf 89' lang='lat' dir='ltr'><strong>enim</strong></span> <span class='ocrx_word' id='word_1_96' title='bbox 1660 1689 1810 1746; x_wconf 91' lang='lat' dir='ltr'><strong>boni</strong></span> <span class='ocrx_word' id='word_1_97' title='bbox 1838 1690 1979 1761; x_wconf 89' lang='lat' dir='ltr'><strong>viri,</strong></span> <span class='ocrx_word' id='word_1_98' title='bbox 2004 1702 2124 1766; x_wconf 73' lang='lat' dir='ltr'><strong>quem¹</strong></span> 
     </span>
     <span class='ocr_line' id='line_1_18' title="bbox 291 1782 2119 1860; baseline -0.005 -14"><span class='ocrx_word' id='word_1_99' title='bbox 291 1788 573 1846; x_wconf 89' lang='lat' dir='ltr'><strong>eumdem</strong></span> <span class='ocrx_word' id='word_1_100' title='bbox 631 1785 970 1860; x_wconf 85' lang='lat' dir='ltr'><strong>sapientem</strong></span> <span class='ocrx_word' id='word_1_101' title='bbox 1023 1785 1169 1842; x_wconf 86' lang='lat' dir='ltr'><strong>licet</strong></span> <span class='ocrx_word' id='word_1_102' title='bbox 1223 1784 1444 1855; x_wconf 85' lang='lat' dir='ltr'><strong>dicere,</strong></span> <span class='ocrx_word' id='word_1_103' title='bbox 1492 1784 1619 1842; x_wconf 81' lang='lat' dir='ltr'><strong>haec</strong></span> <span class='ocrx_word' id='word_1_104' title='bbox 1675 1785 1798 1843; x_wconf 89' lang='lat' dir='ltr'><strong>duo</strong></span> <span class='ocrx_word' id='word_1_105' title='bbox 1855 1790 2055 1843; x_wconf 88' lang='lat' dir='ltr'><strong>tenere</strong></span> <span class='ocrx_word' id='word_1_106' title='bbox 2086 1782 2119 1837; x_wconf 82' lang='lat' dir='ltr'><strong>in</strong></span> 
     </span>
     <span class='ocr_line' id='line_1_19' title="bbox 294 1880 2119 1958; baseline -0.003 -18"><span class='ocrx_word' id='word_1_107' title='bbox 294 1883 595 1940; x_wconf 85' lang='lat' dir='ltr'><strong>amicitia:</strong></span> <span class='ocrx_word' id='word_1_108' title='bbox 639 1882 925 1957; x_wconf 87' lang='lat' dir='ltr'><strong>primum,</strong></span> <span class='ocrx_word' id='word_1_109' title='bbox 953 1901 1032 1938; x_wconf 90' lang='lat' dir='ltr'><strong>ne</strong></span> <span class='ocrx_word' id='word_1_110' title='bbox 1060 1881 1210 1958; x_wconf 90' lang='lat' dir='ltr'><strong>quid</strong></span> <span class='ocrx_word' id='word_1_111' title='bbox 1251 1880 1461 1939; x_wconf 89' lang='lat' dir='ltr'><strong>fictum</strong></span> <span class='ocrx_word' id='word_1_112' title='bbox 1488 1881 1571 1938; x_wconf 88' lang='lat' dir='ltr'><strong>sit</strong></span> <span class='ocrx_word' id='word_1_113' title='bbox 1596 1900 1752 1938; x_wconf 85' lang='lat' dir='ltr'><strong>neve</strong></span> <span class='ocrx_word' id='word_1_114' title='bbox 1785 1882 2119 1939; x_wconf 86' lang='lat' dir='ltr'><strong>simulatum:</strong></span> 
     </span>
     <span class='ocr_line' id='line_1_20' title="bbox 293 1976 2119 2055; baseline -0.004 -19"><span class='ocrx_word' id='word_1_115' title='bbox 293 1983 503 2055; x_wconf 84' lang='lat' dir='ltr'><strong>aperte</strong></span> <span class='ocrx_word' id='word_1_116' title='bbox 531 1977 694 2034; x_wconf 89' lang='lat' dir='ltr'><strong>enim</strong></span> <span class='ocrx_word' id='word_1_117' title='bbox 720 1976 819 2034; x_wconf 82' lang='lat' dir='ltr'><strong>vel</strong></span> <span class='ocrx_word' id='word_1_118' title='bbox 848 1976 1061 2045; x_wconf 88' lang='lat' dir='ltr'><strong>odisse,</strong></span> <span class='ocrx_word' id='word_1_119' title='bbox 1092 1977 1286 2052; x_wconf 87' lang='lat' dir='ltr'><strong>magis</strong></span> <span class='ocrx_word' id='word_1_120' title='bbox 1317 1976 1569 2052; x_wconf 88' lang='lat' dir='ltr'><strong>ingenui</strong></span> <span class='ocrx_word' id='word_1_121' title='bbox 1608 1981 1720 2045; x_wconf 87' lang='lat' dir='ltr'><strong>est,</strong></span> <span class='ocrx_word' id='word_1_122' title='bbox 1749 1995 1939 2053; x_wconf 88' lang='lat' dir='ltr'><strong>quam</strong></span> <span class='ocrx_word' id='word_1_123' title='bbox 1982 1977 2119 2032; x_wconf 74' lang='lat' dir='ltr'><strong>fmnte</strong></span> 
     </span>
     <span class='ocr_line' id='line_1_21' title="bbox 292 2071 2121 2145; baseline -0.005 -14"><span class='ocrx_word' id='word_1_124' title='bbox 292 2073 601 2131; x_wconf 88' lang='lat' dir='ltr'><strong>occultare</strong></span> <span class='ocrx_word' id='word_1_125' title='bbox 649 2071 1057 2128; x_wconf 78' lang='lat' dir='ltr'><strong>sententiam:</strong></span> <span class='ocrx_word' id='word_1_126' title='bbox 1130 2072 1365 2143; x_wconf 90' lang='lat' dir='ltr'><strong>deinde,</strong></span> <span class='ocrx_word' id='word_1_127' title='bbox 1418 2091 1541 2129; x_wconf 89' lang='lat' dir='ltr'><strong>non</strong></span> <span class='ocrx_word' id='word_1_128' title='bbox 1593 2071 1793 2128; x_wconf 90' lang='lat' dir='ltr'><strong>solum</strong></span> <span class='ocrx_word' id='word_1_129' title='bbox 1849 2072 1931 2130; x_wconf 90' lang='lat' dir='ltr'><strong>ab</strong></span> <span class='ocrx_word' id='word_1_130' title='bbox 1984 2072 2121 2145; x_wconf 78' lang='lat' dir='ltr'><strong>aliquo</strong></span> 
     </span>
     <span class='ocr_line' id='line_1_22' title="bbox 293 2166 2119 2244; baseline -0.005 -18"><span class='ocrx_word' id='word_1_131' title='bbox 293 2169 509 2227; x_wconf 85' lang='lat' dir='ltr'><strong>allatas</strong></span> <span class='ocrx_word' id='word_1_132' title='bbox 558 2166 1012 2225; x_wconf 83' lang='lat' dir='ltr'><strong>criminationes</strong></span> <span class='ocrx_word' id='word_1_133' title='bbox 1058 2166 1375 2242; x_wconf 89' lang='lat' dir='ltr'><strong>repellere,</strong></span> <span class='ocrx_word' id='word_1_134' title='bbox 1418 2166 1524 2224; x_wconf 88' lang='lat' dir='ltr'><strong>sed</strong></span> <span class='ocrx_word' id='word_1_135' title='bbox 1568 2185 1646 2223; x_wconf 91' lang='lat' dir='ltr'><strong>ne</strong></span> <span class='ocrx_word' id='word_1_136' title='bbox 1693 2167 1903 2242; x_wconf 89' lang='lat' dir='ltr'><strong>ipsum</strong></span> <span class='ocrx_word' id='word_1_137' title='bbox 1940 2166 2119 2244; x_wconf 87' lang='lat' dir='ltr'><strong>quidem</strong></span> 
     </span>
     <span class='ocr_line' id='line_1_23' title="bbox 293 2259 2121 2342; baseline -0.005 -19"><span class='ocrx_word' id='word_1_138' title='bbox 293 2284 424 2323; x_wconf 89' lang='lat' dir='ltr'><strong>esse</strong></span> <span class='ocrx_word' id='word_1_139' title='bbox 451 2261 869 2339; x_wconf 87' lang='lat' dir='ltr'><strong>suspiciosum,</strong></span> <span class='ocrx_word' id='word_1_140' title='bbox 889 2281 1129 2336; x_wconf 88' lang='lat' dir='ltr'><strong>semper</strong></span> <span class='ocrx_word' id='word_1_141' title='bbox 1148 2260 1387 2342; x_wconf 41' lang='lat' dir='ltr'><strong>&#39;aliquid</strong></span> <span class='ocrx_word' id='word_1_142' title='bbox 1406 2261 1860 2318; x_wconf 83' lang='lat' dir='ltr'><strong>existimantem</strong></span> <span class='ocrx_word' id='word_1_143' title='bbox 1890 2263 1969 2320; x_wconf 92' lang='lat' dir='ltr'><strong>ab</strong></span> <span class='ocrx_word' id='word_1_144' title='bbox 1994 2259 2121 2319; x_wconf 67' lang='lat' dir='ltr'><strong>amia&gt;</strong></span> 
     </span>
    </p>
   </div>
   <div class='ocr_carea' id='block_1_7' title="bbox 2124 1762 2127 2148">
    <p class='ocr_par' dir='ltr' id='par_1_7' title="bbox 2124 1762 2127 2148">
     <span class='ocr_line' id='line_1_24' title="bbox 2124 1762 2127 2148; baseline 0 0"><span class='ocrx_word' id='word_1_145' title='bbox 2124 1762 2127 2148; x_wconf 95' lang='lat' dir='ltr'><strong> </strong></span> 
     </span>
    </p>
   </div>
   <div class='ocr_carea' id='block_1_8' title="bbox 291 2357 2125 3198">
    <p class='ocr_par' dir='ltr' id='par_1_8' title="bbox 291 2357 2125 2909">
     <span class='ocr_line' id='line_1_25' title="bbox 293 2357 2121 2434; baseline -0.007 -13"><span class='ocrx_word' id='word_1_146' title='bbox 293 2381 424 2420; x_wconf 86' lang='lat' dir='ltr'><strong>esse</strong></span> <span class='ocrx_word' id='word_1_147' title='bbox 449 2361 768 2419; x_wconf 82' lang='lat' dir='ltr'><strong>violatum.</strong></span> <span class='ocrx_word' id='word_1_148' title='bbox 813 2357 1127 2433; x_wconf 68' lang='lat' dir='ltr'><strong>(Accedat</strong></span> <span class='ocrx_word' id='word_1_149' title='bbox 1165 2357 1286 2414; x_wconf 90' lang='lat' dir='ltr'><strong>huc</strong></span> <span class='ocrx_word' id='word_1_150' title='bbox 1327 2358 1599 2416; x_wconf 85' lang='lat' dir='ltr'><strong>suavitas</strong></span> <span class='ocrx_word' id='word_1_151' title='bbox 1627 2357 1910 2434; x_wconf 74' lang='lat' dir='ltr'><strong>quaedam</strong></span> <span class='ocrx_word' id='word_1_152' title='bbox 1945 2359 2121 2434; x_wconf 76' lang='lat' dir='ltr'><strong>oportet</strong></span> 
     </span>
     <span class='ocr_line' id='line_1_26' title="bbox 293 2453 2121 2531; baseline -0.004 -16"><span class='ocrx_word' id='word_1_153' title='bbox 293 2477 642 2515; x_wconf 83' lang='lat' dir='ltr'><strong>sermonum</strong></span> <span class='ocrx_word' id='word_1_154' title='bbox 682 2459 868 2531; x_wconf 88' lang='lat' dir='ltr'><strong>atque</strong></span> <span class='ocrx_word' id='word_1_155' title='bbox 908 2473 1169 2522; x_wconf 86' lang='lat' dir='ltr'><strong>morum,</strong></span> <span class='ocrx_word' id='word_1_156' title='bbox 1198 2453 1667 2530; x_wconf 86' lang='lat' dir='ltr'><strong>haudquaquam</strong></span> <span class='ocrx_word' id='word_1_157' title='bbox 1704 2453 2011 2512; x_wconf 80' lang='lat' dir='ltr'><strong>mediocre</strong></span> <span class='ocrx_word' id='word_1_158' title='bbox 2042 2469 2121 2510; x_wconf 80' lang='lat' dir='ltr'><strong>con·</strong></span> 
     </span>
     <span class='ocr_line' id='line_1_27' title="bbox 293 2549 2123 2612; baseline -0.006 0"><span class='ocrx_word' id='word_1_159' title='bbox 293 2555 638 2612; x_wconf 88' lang='lat' dir='ltr'><strong>dimentum</strong></span> <span class='ocrx_word' id='word_1_160' title='bbox 681 2550 983 2609; x_wconf 76' lang='lat' dir='ltr'><strong>amicitiae.</strong></span> <span class='ocrx_word' id='word_1_161' title='bbox 1082 2549 1363 2606; x_wconf 83' lang='lat' dir='ltr'><strong>Tristitia</strong></span> <span class='ocrx_word' id='word_1_162' title='bbox 1416 2554 1625 2606; x_wconf 89' lang='lat' dir='ltr'><strong>autem</strong></span> <span class='ocrx_word' id='word_1_163' title='bbox 1673 2552 1739 2605; x_wconf 91' lang='lat' dir='ltr'><strong>et</strong></span> <span class='ocrx_word' id='word_1_164' title='bbox 1789 2549 1861 2605; x_wconf 91' lang='lat' dir='ltr'><strong>in</strong></span> <span class='ocrx_word' id='word_1_165' title='bbox 1909 2550 2065 2608; x_wconf 90' lang='lat' dir='ltr'><strong>omni</strong></span> <span class='ocrx_word' id='word_1_166' title='bbox 2092 2562 2123 2601; x_wconf 82' lang='lat' dir='ltr'><strong>re</strong></span> 
     </span>
     <span class='ocr_line' id='line_1_28' title="bbox 293 2641 2125 2720; baseline -0.006 -11"><span class='ocrx_word' id='word_1_167' title='bbox 293 2649 600 2717; x_wconf 86' lang='lat' dir='ltr'><strong>severitas,</strong></span> <span class='ocrx_word' id='word_1_168' title='bbox 633 2646 820 2704; x_wconf 89' lang='lat' dir='ltr'><strong>habet</strong></span> <span class='ocrx_word' id='word_1_169' title='bbox 860 2644 970 2702; x_wconf 91' lang='lat' dir='ltr'><strong>illa</strong></span> <span class='ocrx_word' id='word_1_170' title='bbox 1009 2643 1258 2719; x_wconf 87' lang='lat' dir='ltr'><strong>quidem</strong></span> <span class='ocrx_word' id='word_1_171' title='bbox 1303 2645 1711 2720; x_wconf 84' lang='lat' dir='ltr'><strong>gravitatem3</strong></span> <span class='ocrx_word' id='word_1_172' title='bbox 1766 2645 1872 2702; x_wconf 88' lang='lat' dir='ltr'><strong>sed</strong></span> <span class='ocrx_word' id='word_1_173' title='bbox 1916 2641 2125 2702; x_wconf 73' lang='lat' dir='ltr'><strong>amiciti·</strong></span> 
     </span>
     <span class='ocr_line' id='line_1_29' title="bbox 291 2738 2123 2802; baseline -0.006 0"><span class='ocrx_word' id='word_1_174' title='bbox 291 2743 600 2802; x_wconf 88' lang='lat' dir='ltr'><strong>remissior</strong></span> <span class='ocrx_word' id='word_1_175' title='bbox 625 2759 754 2798; x_wconf 86' lang='lat' dir='ltr'><strong>esse</strong></span> <span class='ocrx_word' id='word_1_176' title='bbox 781 2739 964 2796; x_wconf 90' lang='lat' dir='ltr'><strong>debet</strong></span> <span class='ocrx_word' id='word_1_177' title='bbox 1005 2743 1070 2796; x_wconf 90' lang='lat' dir='ltr'><strong>et</strong></span> <span class='ocrx_word' id='word_1_178' title='bbox 1109 2738 1361 2796; x_wconf 90' lang='lat' dir='ltr'><strong>liberior</strong></span> <span class='ocrx_word' id='word_1_179' title='bbox 1391 2742 1454 2795; x_wconf 89' lang='lat' dir='ltr'><strong>et</strong></span> <span class='ocrx_word' id='word_1_180' title='bbox 1482 2738 1722 2796; x_wconf 87' lang='lat' dir='ltr'><strong>dulcior</strong></span> <span class='ocrx_word' id='word_1_181' title='bbox 1745 2743 1811 2797; x_wconf 90' lang='lat' dir='ltr'><strong>et</strong></span> <span class='ocrx_word' id='word_1_182' title='bbox 1839 2741 1923 2798; x_wconf 83' lang='lat' dir='ltr'><strong>ad</strong></span> <span class='ocrx_word' id='word_1_183' title='bbox 1947 2753 2123 2799; x_wconf 79' lang='lat' dir='ltr'><strong>omnem</strong></span> 
     </span>
     <span class='ocr_line' id='line_1_30' title="bbox 292 2833 1529 2909; baseline -0.006 -11"><span class='ocrx_word' id='word_1_184' title='bbox 292 2840 644 2898; x_wconf 88' lang='lat' dir='ltr'><strong>comitatem</strong></span> <span class='ocrx_word' id='word_1_185' title='bbox 669 2835 1158 2909; x_wconf 81' lang='lat' dir='ltr'><strong>facilitatemque</strong></span> <span class='ocrx_word' id='word_1_186' title='bbox 1184 2833 1529 2908; x_wconf 90' lang='lat' dir='ltr'><strong>proclivior.</strong></span> 
     </span>
    </p>

    <p class='ocr_par' dir='ltr' id='par_1_9' title="bbox 291 2927 2125 3198">
     <span class='ocr_line' id='line_1_31' title="bbox 395 2927 2125 3009; baseline -0.006 -17"><span class='ocrx_word' id='word_1_187' title='bbox 395 2933 576 2992; x_wconf 91' lang='lat' dir='ltr'>XIX.</span> <span class='ocrx_word' id='word_1_188' title='bbox 619 2963 700 2973; x_wconf 89' lang='lat'>—</span> <span class='ocrx_word' id='word_1_189' title='bbox 740 2928 1010 2986; x_wconf 83' lang='lat' dir='ltr'><strong>Exsistit</strong></span> <span class='ocrx_word' id='word_1_190' title='bbox 1118 2932 1330 2986; x_wconf 89' lang='lat' dir='ltr'><strong>autem</strong></span> <span class='ocrx_word' id='word_1_191' title='bbox 1433 2927 1549 2985; x_wconf 87' lang='lat' dir='ltr'><strong>hoc</strong></span> <span class='ocrx_word' id='word_1_192' title='bbox 1667 2928 1799 2987; x_wconf 91' lang='lat' dir='ltr'><strong>loco</strong></span> <span class='ocrx_word' id='word_1_193' title='bbox 1911 2932 2125 3009; x_wconf 80' lang='lat' dir='ltr'><strong>quaedan:</strong></span> 
     </span>
     <span class='ocr_line' id='line_1_32' title="bbox 291 3023 2123 3108; baseline -0.003 -20"><span class='ocrx_word' id='word_1_194' title='bbox 291 3028 545 3108; x_wconf 78' lang='lat' dir='ltr'><strong>quaestio</strong></span> <span class='ocrx_word' id='word_1_195' title='bbox 625 3023 1030 3084; x_wconf 85' lang='lat' dir='ltr'><strong>sub-difficilis</strong></span> <span class='ocrx_word' id='word_1_196' title='bbox 1059 3045 1074 3081; x_wconf 73' lang='grc' dir='ltr'><em>ε</em></span> <span class='ocrx_word' id='word_1_197' title='bbox 1168 3042 1320 3079; x_wconf 90' lang='lat' dir='ltr'><strong>num</strong></span> <span class='ocrx_word' id='word_1_198' title='bbox 1410 3023 1649 3099; x_wconf 89' lang='lat' dir='ltr'><strong>quando</strong></span> <span class='ocrx_word' id='word_1_199' title='bbox 1742 3026 1931 3084; x_wconf 89' lang='lat' dir='ltr'><strong>amici</strong></span> <span class='ocrx_word' id='word_1_200' title='bbox 2020 3023 2123 3088; x_wconf 71' lang='lat' dir='ltr'><strong>novi,</strong></span> 
     </span>
     <span class='ocr_line' id='line_1_33' title="bbox 293 3117 2125 3198; baseline -0.006 -15"><span class='ocrx_word' id='word_1_201' title='bbox 293 3125 465 3195; x_wconf 73' lang='lat' dir='ltr'><strong>dig-ni</strong></span> <span class='ocrx_word' id='word_1_202' title='bbox 554 3119 845 3190; x_wconf 88' lang='lat' dir='ltr'><strong>amicitia,</strong></span> <span class='ocrx_word' id='word_1_203' title='bbox 891 3173 900 3182; x_wconf 80' lang='grc'>,</span> <span class='ocrx_word' id='word_1_204' title='bbox 941 3117 1259 3176; x_wconf 85' lang='lat' dir='ltr'><strong>veteribus</strong></span> <span class='ocrx_word' id='word_1_205' title='bbox 1358 3117 1483 3175; x_wconf 83' lang='lat' dir='ltr'><strong>sint</strong></span> <span class='ocrx_word' id='word_1_206' title='bbox 1580 3123 2013 3198; x_wconf 60' lang='lat' dir='ltr'><strong>anteponendi,</strong></span> <span class='ocrx_word' id='word_1_207' title='bbox 2094 3133 2125 3174; x_wconf 73' lang='lat' dir='ltr'><strong>ut</strong></span> 
     </span>
    </p>
   </div>
  </div>
 </body>
</html>
