<?xml version="1.0" encoding="UTF-8"?>
<!DOCTYPE html PUBLIC "-//W3C//DTD XHTML 1.0 Transitional//EN"
    "http://www.w3.org/TR/xhtml1/DTD/xhtml1-transitional.dtd">
<html xmlns="http://www.w3.org/1999/xhtml" xml:lang="en" lang="en">
 <head>
  <title>
</title>
<meta http-equiv="Content-Type" content="text/html;charset=utf-8" />
  <meta name='ocr-system' content='tesseract 3.04.00' />
  <meta name='ocr-capabilities' content='ocr_page ocr_carea ocr_par ocr_line ocrx_word'/>
</head>
<body>
  <div class='ocr_page' id='page_1' title='image "./laeliussivedeam01cicegoog/laeliussivedeam01cicegoog_0078.png"; bbox 0 0 2160 3532; ppageno 0'>
   <div class='ocr_carea' id='block_1_1' title="bbox 202 239 1647 298">
    <p class='ocr_par' dir='ltr' id='par_1_1' title="bbox 202 239 1647 298">
     <span class='ocr_line' id='line_1_1' title="bbox 202 239 1647 298; baseline 0 -1"><span class='ocrx_word' id='word_1_1' title='bbox 202 239 266 297; x_wconf 89' lang='grc'>76</span> <span class='ocrx_word' id='word_1_2' title='bbox 630 243 738 297; x_wconf 80' lang='grc' dir='ltr'>ΒΕ</span> <span class='ocrx_word' id='word_1_3' title='bbox 787 243 1167 298; x_wconf 83' lang='lat' dir='ltr'>AMICITIA</span> <span class='ocrx_word' id='word_1_4' title='bbox 1216 243 1647 298; x_wconf 84' lang='lat' dir='ltr'>DIALOGUS.</span> 
     </span>
    </p>
   </div>
   <div class='ocr_carea' id='block_1_2' title="bbox 195 412 2107 1737">
    <p class='ocr_par' dir='ltr' id='par_1_2' title="bbox 195 412 2107 1737">
     <span class='ocr_line' id='line_1_2' title="bbox 195 412 2107 493; baseline 0 -22"><span class='ocrx_word' id='word_1_5' title='bbox 195 412 494 485; x_wconf 79' lang='lat' dir='ltr'>honestaS,</span> <span class='ocrx_word' id='word_1_6' title='bbox 530 415 741 492; x_wconf 85' lang='lat' dir='ltr'>gloria,</span> <span class='ocrx_word' id='word_1_7' title='bbox 784 416 1202 493; x_wconf 89' lang='lat' dir='ltr'>tranquillitas</span> <span class='ocrx_word' id='word_1_8' title='bbox 1244 416 1436 474; x_wconf 89' lang='lat' dir='ltr'>animi</span> <span class='ocrx_word' id='word_1_9' title='bbox 1480 420 1667 492; x_wconf 87' lang='lat' dir='ltr'>atque</span> <span class='ocrx_word' id='word_1_10' title='bbox 1709 415 2107 493; x_wconf 85' lang='lat' dir='ltr'>jucunditas:</span> 
     </span>
     <span class='ocr_line' id='line_1_3' title="bbox 196 517 2107 596; baseline -0.001 -22"><span class='ocrx_word' id='word_1_11' title='bbox 196 521 271 575; x_wconf 90' lang='lat' dir='ltr'>ut</span> <span class='ocrx_word' id='word_1_12' title='bbox 298 522 378 588; x_wconf 88' lang='lat' dir='ltr'>et,</span> <span class='ocrx_word' id='word_1_13' title='bbox 405 538 596 596; x_wconf 89' lang='lat' dir='ltr'>quum</span> <span class='ocrx_word' id='word_1_14' title='bbox 635 519 764 578; x_wconf 80' lang='lat' dir='ltr'>haec</span> <span class='ocrx_word' id='word_1_15' title='bbox 791 519 1010 588; x_wconf 89' lang='lat' dir='ltr'>adsint,</span> <span class='ocrx_word' id='word_1_16' title='bbox 1037 519 1223 577; x_wconf 82' lang='lat' dir='ltr'>beata</span> <span class='ocrx_word' id='word_1_17' title='bbox 1250 519 1385 578; x_wconf 85' lang='lat' dir='ltr'>vita</span> <span class='ocrx_word' id='word_1_18' title='bbox 1420 519 1521 588; x_wconf 91' lang='lat' dir='ltr'>sit,</span> <span class='ocrx_word' id='word_1_19' title='bbox 1551 521 1615 576; x_wconf 89' lang='lat' dir='ltr'>et</span> <span class='ocrx_word' id='word_1_20' title='bbox 1656 518 1789 576; x_wconf 89' lang='lat' dir='ltr'>sine</span> <span class='ocrx_word' id='word_1_21' title='bbox 1830 517 1939 576; x_wconf 90' lang='lat' dir='ltr'>his</span> <span class='ocrx_word' id='word_1_22' title='bbox 1983 536 2107 574; x_wconf 81' lang='lat' dir='ltr'>esse</span> 
     </span>
     <span class='ocr_line' id='line_1_4' title="bbox 197 621 2103 699; baseline -0.003 -19"><span class='ocrx_word' id='word_1_23' title='bbox 197 642 319 681; x_wconf 91' lang='lat' dir='ltr'>non</span> <span class='ocrx_word' id='word_1_24' title='bbox 351 623 561 699; x_wconf 88' lang='lat' dir='ltr'>possit.</span> <span class='ocrx_word' id='word_1_25' title='bbox 645 621 823 696; x_wconf 79' lang='lat' dir='ltr'>Quod</span> <span class='ocrx_word' id='word_1_26' title='bbox 849 641 1040 697; x_wconf 93' lang='lat' dir='ltr'>quum</span> <span class='ocrx_word' id='word_1_27' title='bbox 1067 622 1373 698; x_wconf 90' lang='lat' dir='ltr'>optimum</span> <span class='ocrx_word' id='word_1_28' title='bbox 1408 621 1873 697; x_wconf 87' lang='lat' dir='ltr'>maximumque</span> <span class='ocrx_word' id='word_1_29' title='bbox 1922 621 2028 691; x_wconf 88' lang='lat' dir='ltr'>sit,</span> <span class='ocrx_word' id='word_1_30' title='bbox 2056 621 2103 676; x_wconf 87' lang='lat' dir='ltr'>si</span> 
     </span>
     <span class='ocr_line' id='line_1_5' title="bbox 197 723 2101 800; baseline -0.002 -18"><span class='ocrx_word' id='word_1_31' title='bbox 197 725 265 782; x_wconf 91' lang='lat' dir='ltr'>id</span> <span class='ocrx_word' id='word_1_32' title='bbox 303 726 588 784; x_wconf 82' lang='lat' dir='ltr'>volumus</span> <span class='ocrx_word' id='word_1_33' title='bbox 629 725 903 800; x_wconf 76' lang='lat' dir='ltr'><strong>adipisci,</strong></span> <span class='ocrx_word' id='word_1_34' title='bbox 932 723 1159 784; x_wconf 84' lang='lat' dir='ltr'>virtuti</span> <span class='ocrx_word' id='word_1_35' title='bbox 1201 742 1387 800; x_wconf 89' lang='lat' dir='ltr'>opera</span> <span class='ocrx_word' id='word_1_36' title='bbox 1429 723 1628 781; x_wconf 88' lang='lat' dir='ltr'>danda</span> <span class='ocrx_word' id='word_1_37' title='bbox 1668 727 1784 792; x_wconf 87' lang='lat' dir='ltr'>est,</span> <span class='ocrx_word' id='word_1_38' title='bbox 1814 723 1957 780; x_wconf 88' lang='lat' dir='ltr'>sine</span> <span class='ocrx_word' id='word_1_39' title='bbox 1984 742 2101 799; x_wconf 81' lang='lat' dir='ltr'>qua</span> 
     </span>
     <span class='ocr_line' id='line_1_6' title="bbox 198 826 2097 905; baseline -0.002 -19"><span class='ocrx_word' id='word_1_40' title='bbox 198 848 394 905; x_wconf 87' lang='lat' dir='ltr'>neque</span> <span class='ocrx_word' id='word_1_41' title='bbox 421 829 768 899; x_wconf 72' lang='lat' dir='ltr'>amicitiam,</span> <span class='ocrx_word' id='word_1_42' title='bbox 787 847 984 904; x_wconf 89' lang='lat' dir='ltr'>neque</span> <span class='ocrx_word' id='word_1_43' title='bbox 1004 828 1200 885; x_wconf 89' lang='lat' dir='ltr'>ullam</span> <span class='ocrx_word' id='word_1_44' title='bbox 1224 847 1357 886; x_wconf 87' lang='lat' dir='ltr'>rem</span> <span class='ocrx_word' id='word_1_45' title='bbox 1384 827 1791 904; x_wconf 78' lang='lat' dir='ltr'>expetendam</span> <span class='ocrx_word' id='word_1_46' title='bbox 1810 826 2097 904; x_wconf 85' lang='lat' dir='ltr'>consequi</span> 
     </span>
     <span class='ocr_line' id='line_1_7' title="bbox 201 931 2094 1010; baseline 0 -20"><span class='ocrx_word' id='word_1_47' title='bbox 201 952 536 1010; x_wconf 65' lang='lat' dir='ltr'>possumus</span> <span class='ocrx_word' id='word_1_48' title='bbox 619 931 712 990; x_wconf 85' lang='lat' dir='ltr'>Ea</span> <span class='ocrx_word' id='word_1_49' title='bbox 743 951 889 990; x_wconf 82' lang='lat' dir='ltr'>vero</span> <span class='ocrx_word' id='word_1_50' title='bbox 929 932 1225 1008; x_wconf 80' lang='lat' dir='ltr'>neglecta,</span> <span class='ocrx_word' id='word_1_51' title='bbox 1254 932 1362 1009; x_wconf 87' lang='lat' dir='ltr'>qui</span> <span class='ocrx_word' id='word_1_52' title='bbox 1389 951 1454 990; x_wconf 89' lang='lat' dir='ltr'>se</span> <span class='ocrx_word' id='word_1_53' title='bbox 1480 931 1705 990; x_wconf 86' lang='lat' dir='ltr'>amicos</span> <span class='ocrx_word' id='word_1_54' title='bbox 1731 931 1966 990; x_wconf 85' lang='lat' dir='ltr'>habere</span> <span class='ocrx_word' id='word_1_55' title='bbox 2006 951 2094 989; x_wconf 83' lang='lat' dir='ltr'>ar-</span> 
     </span>
     <span class='ocr_line' id='line_1_8' title="bbox 200 1035 2093 1112; baseline -0.002 -17"><span class='ocrx_word' id='word_1_56' title='bbox 200 1037 530 1107; x_wconf 89' lang='lat' dir='ltr'>bitrantur,</span> <span class='ocrx_word' id='word_1_57' title='bbox 571 1042 708 1094; x_wconf 90' lang='lat' dir='ltr'>tum</span> <span class='ocrx_word' id='word_1_58' title='bbox 747 1055 813 1095; x_wconf 89' lang='lat' dir='ltr'>se</span> <span class='ocrx_word' id='word_1_59' title='bbox 853 1037 1113 1112; x_wconf 90' lang='lat' dir='ltr'>denique</span> <span class='ocrx_word' id='word_1_60' title='bbox 1160 1055 1390 1094; x_wconf 88' lang='lat' dir='ltr'>errasse</span> <span class='ocrx_word' id='word_1_61' title='bbox 1430 1035 1727 1106; x_wconf 86' lang='lat' dir='ltr'>sentiunt,</span> <span class='ocrx_word' id='word_1_62' title='bbox 1755 1055 1957 1112; x_wconf 91' lang='lat' dir='ltr'>quum</span> <span class='ocrx_word' id='word_1_63' title='bbox 2000 1055 2093 1092; x_wconf 82' lang='lat' dir='ltr'>eos</span> 
     </span>
     <span class='ocr_line' id='line_1_9' title="bbox 200 1138 2091 1218; baseline -0.002 -18"><span class='ocrx_word' id='word_1_64' title='bbox 200 1141 406 1218; x_wconf 85' lang='lat' dir='ltr'>gravis</span> <span class='ocrx_word' id='word_1_65' title='bbox 434 1141 652 1217; x_wconf 88' lang='lat' dir='ltr'>aliquis</span> <span class='ocrx_word' id='word_1_66' title='bbox 671 1160 846 1199; x_wconf 87' lang='lat' dir='ltr'>casus</span> <span class='ocrx_word' id='word_1_67' title='bbox 867 1140 1133 1218; x_wconf 87' lang='lat' dir='ltr'>experiri</span> <span class='ocrx_word' id='word_1_68' title='bbox 1156 1141 1342 1217; x_wconf 87' lang='lat' dir='ltr'>cogit.</span> <span class='ocrx_word' id='word_1_69' title='bbox 1398 1138 1712 1214; x_wconf 81' lang='lat' dir='ltr'>Quocirca,</span> <span class='ocrx_word' id='word_1_70' title='bbox 1736 1139 2091 1216; x_wconf 86' lang='lat' dir='ltr'>(dicendum</span> 
     </span>
     <span class='ocr_line' id='line_1_10' title="bbox 200 1244 2087 1324; baseline -0.001 -20"><span class='ocrx_word' id='word_1_71' title='bbox 200 1249 295 1304; x_wconf 86' lang='lat' dir='ltr'>est</span> <span class='ocrx_word' id='word_1_72' title='bbox 333 1246 495 1304; x_wconf 90' lang='lat' dir='ltr'>enim</span> <span class='ocrx_word' id='word_1_73' title='bbox 539 1245 808 1324; x_wconf 86' lang='lat' dir='ltr'>saepius,)</span> <span class='ocrx_word' id='word_1_74' title='bbox 850 1265 1042 1322; x_wconf 91' lang='lat' dir='ltr'>quum</span> <span class='ocrx_word' id='word_1_75' title='bbox 1087 1245 1475 1322; x_wconf 77' lang='lat' dir='ltr'>judicaveriS,</span> <span class='ocrx_word' id='word_1_76' title='bbox 1517 1244 1769 1321; x_wconf 86' lang='lat' dir='ltr'>diligere</span> <span class='ocrx_word' id='word_1_77' title='bbox 1814 1249 2087 1322; x_wconf 81' lang='lat' dir='ltr'>oportet3</span> 
     </span>
     <span class='ocr_line' id='line_1_11' title="bbox 203 1348 2088 1427; baseline -0.001 -22"><span class='ocrx_word' id='word_1_78' title='bbox 203 1368 342 1420; x_wconf 89' lang='lat' dir='ltr'>non,</span> <span class='ocrx_word' id='word_1_79' title='bbox 390 1368 580 1425; x_wconf 90' lang='lat' dir='ltr'>quum</span> <span class='ocrx_word' id='word_1_80' title='bbox 627 1349 934 1421; x_wconf 84' lang='lat' dir='ltr'>dilexeris,</span> <span class='ocrx_word' id='word_1_81' title='bbox 980 1349 1275 1427; x_wconf 82' lang='lat' dir='ltr'>judicare.</span> <span class='ocrx_word' id='word_1_82' title='bbox 1358 1348 1480 1408; x_wconf 87' lang='lat' dir='ltr'>Sed</span> <span class='ocrx_word' id='word_1_83' title='bbox 1527 1369 1717 1427; x_wconf 90' lang='lat' dir='ltr'>quum</span> <span class='ocrx_word' id='word_1_84' title='bbox 1761 1349 1981 1406; x_wconf 87' lang='lat' dir='ltr'>multis</span> <span class='ocrx_word' id='word_1_85' title='bbox 2032 1348 2088 1404; x_wconf 88' lang='lat' dir='ltr'>in</span> 
     </span>
     <span class='ocr_line' id='line_1_12' title="bbox 203 1451 2089 1530; baseline -0.002 -19"><span class='ocrx_word' id='word_1_86' title='bbox 203 1453 388 1512; x_wconf 85' lang='lat' dir='ltr'>rebus</span> <span class='ocrx_word' id='word_1_87' title='bbox 429 1453 805 1530; x_wconf 71' lang='lat' dir='ltr'>negligentia</span> <span class='ocrx_word' id='word_1_88' title='bbox 845 1453 1193 1530; x_wconf 84' lang='lat' dir='ltr'>plectimur,</span> <span class='ocrx_word' id='word_1_89' title='bbox 1226 1457 1364 1510; x_wconf 92' lang='lat' dir='ltr'>tum</span> <span class='ocrx_word' id='word_1_90' title='bbox 1403 1453 1668 1510; x_wconf 85' lang='lat' dir='ltr'>maxime</span> <span class='ocrx_word' id='word_1_91' title='bbox 1692 1452 1761 1509; x_wconf 96' lang='lat' dir='ltr'>in</span> <span class='ocrx_word' id='word_1_92' title='bbox 1787 1451 2002 1510; x_wconf 88' lang='lat' dir='ltr'>amicis</span> <span class='ocrx_word' id='word_1_93' title='bbox 2032 1457 2089 1509; x_wconf 85' lang='lat' dir='ltr'>et</span> 
     </span>
     <span class='ocr_line' id='line_1_13' title="bbox 203 1555 2084 1632; baseline -0.002 -18"><span class='ocrx_word' id='word_1_94' title='bbox 203 1556 532 1632; x_wconf 87' lang='lat' dir='ltr'>diligendis</span> <span class='ocrx_word' id='word_1_95' title='bbox 579 1561 642 1614; x_wconf 88' lang='lat' dir='ltr'>et</span> <span class='ocrx_word' id='word_1_96' title='bbox 689 1555 988 1614; x_wconf 87' lang='lat' dir='ltr'>colendis:</span> <span class='ocrx_word' id='word_1_97' title='bbox 1029 1555 1417 1632; x_wconf 81' lang='lat' dir='ltr'>praeposteris</span> <span class='ocrx_word' id='word_1_98' title='bbox 1459 1555 1624 1613; x_wconf 89' lang='lat' dir='ltr'>enim</span> <span class='ocrx_word' id='word_1_99' title='bbox 1672 1555 1911 1612; x_wconf 90' lang='lat' dir='ltr'>utimur</span> <span class='ocrx_word' id='word_1_100' title='bbox 1957 1575 2084 1613; x_wconf 92' lang='lat' dir='ltr'>con-</span> 
     </span>
     <span class='ocr_line' id='line_1_14' title="bbox 203 1659 2085 1737; baseline -0.001 -19"><span class='ocrx_word' id='word_1_101' title='bbox 203 1661 373 1732; x_wconf 87' lang='lat' dir='ltr'>siliis,</span> <span class='ocrx_word' id='word_1_102' title='bbox 401 1665 466 1718; x_wconf 89' lang='lat' dir='ltr'>et</span> <span class='ocrx_word' id='word_1_103' title='bbox 502 1664 644 1719; x_wconf 89' lang='lat' dir='ltr'>acta</span> <span class='ocrx_word' id='word_1_104' title='bbox 683 1660 940 1736; x_wconf 84' lang='lat' dir='ltr'>agimus,</span> <span class='ocrx_word' id='word_1_105' title='bbox 968 1659 1135 1736; x_wconf 91' lang='lat' dir='ltr'>quod</span> <span class='ocrx_word' id='word_1_106' title='bbox 1172 1664 1461 1719; x_wconf 82' lang='lat' dir='ltr'>vetamur</span> <span class='ocrx_word' id='word_1_107' title='bbox 1498 1663 1711 1720; x_wconf 81' lang='lat' dir='ltr'>vetere</span> <span class='ocrx_word' id='word_1_108' title='bbox 1750 1661 2085 1737; x_wconf 84' lang='lat' dir='ltr'>proverbio.</span> 
     </span>
    </p>
   </div>
   <div class='ocr_carea' id='block_1_3' title="bbox 201 1763 2158 3180">
    <p class='ocr_par' dir='ltr' id='par_1_3' title="bbox 203 1763 2085 2032">
     <span class='ocr_line' id='line_1_15' title="bbox 203 1763 2084 1841; baseline 0 -19"><span class='ocrx_word' id='word_1_109' title='bbox 203 1763 366 1822; x_wconf 81' lang='lat' dir='ltr'>Nam</span> <span class='ocrx_word' id='word_1_110' title='bbox 390 1763 693 1841; x_wconf 90' lang='lat' dir='ltr'>implicati</span> <span class='ocrx_word' id='word_1_111' title='bbox 718 1764 884 1823; x_wconf 80' lang='lat' dir='ltr'>ultro</span> <span class='ocrx_word' id='word_1_112' title='bbox 911 1768 974 1822; x_wconf 89' lang='lat' dir='ltr'>et</span> <span class='ocrx_word' id='word_1_113' title='bbox 1000 1763 1175 1834; x_wconf 81' lang='lat' dir='ltr'>citm,</span> <span class='ocrx_word' id='word_1_114' title='bbox 1196 1763 1295 1822; x_wconf 83' lang='lat' dir='ltr'>vel</span> <span class='ocrx_word' id='word_1_115' title='bbox 1321 1784 1440 1823; x_wconf 89' lang='lat' dir='ltr'>usu</span> <span class='ocrx_word' id='word_1_116' title='bbox 1466 1763 1759 1824; x_wconf 75' lang='lat' dir='ltr'>diuturno</span> <span class='ocrx_word' id='word_1_117' title='bbox 1784 1764 1883 1825; x_wconf 80' lang='lat' dir='ltr'>vel</span> <span class='ocrx_word' id='word_1_118' title='bbox 1910 1765 2084 1823; x_wconf 80' lang='lat' dir='ltr'>etiam</span> 
     </span>
     <span class='ocr_line' id='line_1_16' title="bbox 207 1858 2085 1937; baseline 0.001 -21"><span class='ocrx_word' id='word_1_119' title='bbox 207 1859 434 1930; x_wconf 87' lang='lat' dir='ltr'>officiis,</span> <span class='ocrx_word' id='word_1_120' title='bbox 462 1864 714 1936; x_wconf 90' lang='lat' dir='ltr'>repente</span> <span class='ocrx_word' id='word_1_121' title='bbox 745 1859 813 1916; x_wconf 87' lang='lat' dir='ltr'>in</span> <span class='ocrx_word' id='word_1_122' title='bbox 854 1858 1051 1917; x_wconf 86' lang='lat' dir='ltr'>medio</span> <span class='ocrx_word' id='word_1_123' title='bbox 1092 1878 1277 1917; x_wconf 88' lang='lat' dir='ltr'>cursu</span> <span class='ocrx_word' id='word_1_124' title='bbox 1315 1859 1617 1917; x_wconf 79' lang='lat' dir='ltr'>amicitias</span> <span class='ocrx_word' id='word_1_125' title='bbox 1644 1864 1857 1919; x_wconf 86' lang='lat' dir='ltr'>exorta</span> <span class='ocrx_word' id='word_1_126' title='bbox 1892 1862 2085 1937; x_wconf 83' lang='lat' dir='ltr'>aliqua</span> 
     </span>
     <span class='ocr_line' id='line_1_17' title="bbox 205 1955 1016 2032; baseline -0.001 -18"><span class='ocrx_word' id='word_1_127' title='bbox 205 1955 536 2014; x_wconf 82' lang='lat' dir='ltr'>offensione</span> <span class='ocrx_word' id='word_1_128' title='bbox 564 1956 1016 2032; x_wconf 77' lang='lat' dir='ltr'>disrumpimUS.</span> 
     </span>
    </p>

    <p class='ocr_par' dir='ltr' id='par_1_4' title="bbox 201 2050 2158 3180">
     <span class='ocr_line' id='line_1_18' title="bbox 201 2050 2082 2128; baseline 0 -20"><span class='ocrx_word' id='word_1_129' title='bbox 201 2108 208 2117; x_wconf 74' lang='grc'><strong>,</strong></span> <span class='ocrx_word' id='word_1_130' title='bbox 285 2050 757 2124; x_wconf 80' lang='lat' dir='ltr'>XXIII.—Quo</span> <span class='ocrx_word' id='word_1_131' title='bbox 845 2051 1034 2109; x_wconf 88' lang='lat' dir='ltr'>etiam</span> <span class='ocrx_word' id='word_1_132' title='bbox 1099 2050 1297 2126; x_wconf 84' lang='lat' dir='ltr'>magis</span> <span class='ocrx_word' id='word_1_133' title='bbox 1363 2052 1777 2128; x_wconf 80' lang='lat' dir='ltr'>vituperanda</span> <span class='ocrx_word' id='word_1_134' title='bbox 1850 2057 1947 2110; x_wconf 88' lang='lat' dir='ltr'>est</span> <span class='ocrx_word' id='word_1_135' title='bbox 2004 2052 2082 2110; x_wconf 86' lang='lat' dir='ltr'>rei</span> 
     </span>
     <span class='ocr_line' id='line_1_19' title="bbox 206 2146 2079 2206; baseline 0.001 -2"><span class='ocrx_word' id='word_1_136' title='bbox 206 2146 472 2204; x_wconf 89' lang='lat' dir='ltr'>maxime</span> <span class='ocrx_word' id='word_1_137' title='bbox 497 2146 847 2205; x_wconf 81' lang='lat' dir='ltr'>necessariae</span> <span class='ocrx_word' id='word_1_138' title='bbox 873 2150 1055 2205; x_wconf 87' lang='lat' dir='ltr'>tanta</span> <span class='ocrx_word' id='word_1_139' title='bbox 1080 2146 1339 2204; x_wconf 88' lang='lat' dir='ltr'>incuria.</span> <span class='ocrx_word' id='word_1_140' title='bbox 1422 2146 1566 2206; x_wconf 85' lang='lat' dir='ltr'>Una</span> <span class='ocrx_word' id='word_1_141' title='bbox 1606 2152 1703 2205; x_wconf 85' lang='lat' dir='ltr'>est</span> <span class='ocrx_word' id='word_1_142' title='bbox 1744 2147 1905 2205; x_wconf 88' lang='lat' dir='ltr'>enim</span> <span class='ocrx_word' id='word_1_143' title='bbox 1946 2149 2079 2206; x_wconf 86' lang='lat' dir='ltr'>ami-</span> 
     </span>
     <span class='ocr_line' id='line_1_20' title="bbox 207 2242 2081 2318; baseline 0.001 -19"><span class='ocrx_word' id='word_1_144' title='bbox 207 2242 353 2300; x_wconf 87' lang='lat' dir='ltr'>citia</span> <span class='ocrx_word' id='word_1_145' title='bbox 377 2242 444 2299; x_wconf 91' lang='lat' dir='ltr'>in</span> <span class='ocrx_word' id='word_1_146' title='bbox 468 2243 651 2300; x_wconf 90' lang='lat' dir='ltr'>rebus</span> <span class='ocrx_word' id='word_1_147' title='bbox 678 2242 980 2312; x_wconf 76' lang='lat' dir='ltr'>humaniS,</span> <span class='ocrx_word' id='word_1_148' title='bbox 1000 2242 1074 2299; x_wconf 88' lang='lat' dir='ltr'>de</span> <span class='ocrx_word' id='word_1_149' title='bbox 1103 2243 1279 2318; x_wconf 82' lang='lat' dir='ltr'>cujus</span> <span class='ocrx_word' id='word_1_150' title='bbox 1308 2243 1583 2301; x_wconf 80' lang='lat' dir='ltr'>utilitate</span> <span class='ocrx_word' id='word_1_151' title='bbox 1608 2263 1817 2301; x_wconf 86' lang='lat' dir='ltr'>omnes</span> <span class='ocrx_word' id='word_1_152' title='bbox 1843 2264 1967 2301; x_wconf 89' lang='lat' dir='ltr'>uno</span> <span class='ocrx_word' id='word_1_153' title='bbox 1992 2264 2081 2300; x_wconf 88' lang='lat' dir='ltr'>ore</span> 
     </span>
     <span class='ocr_line' id='line_1_21' title="bbox 206 2338 2079 2416; baseline 0.001 -22"><span class='ocrx_word' id='word_1_154' title='bbox 206 2338 628 2395; x_wconf 75' lang='lat' dir='ltr'>consentiuntz</span> <span class='ocrx_word' id='word_1_155' title='bbox 670 2356 1042 2413; x_wconf 89' lang='lat' dir='ltr'>quamquam</span> <span class='ocrx_word' id='word_1_156' title='bbox 1088 2357 1127 2396; x_wconf 91' lang='lat' dir='ltr'>a</span> <span class='ocrx_word' id='word_1_157' title='bbox 1168 2338 1383 2397; x_wconf 87' lang='lat' dir='ltr'>multis</span> <span class='ocrx_word' id='word_1_158' title='bbox 1422 2339 1557 2416; x_wconf 87' lang='lat' dir='ltr'>ipsa</span> <span class='ocrx_word' id='word_1_159' title='bbox 1593 2339 1793 2397; x_wconf 86' lang='lat' dir='ltr'>virtus</span> <span class='ocrx_word' id='word_1_160' title='bbox 1832 2345 2079 2397; x_wconf 88' lang='lat' dir='ltr'>contem-</span> 
     </span>
     <span class='ocr_line' id='line_1_22' title="bbox 206 2431 2079 2521; baseline 0.001 -32"><span class='ocrx_word' id='word_1_161' title='bbox 206 2432 379 2521; x_wconf 62' lang='lat' dir='ltr'>nitur</span> <span class='ocrx_word' id='word_1_162' title='bbox 411 2438 475 2490; x_wconf 87' lang='lat' dir='ltr'>et</span> <span class='ocrx_word' id='word_1_163' title='bbox 505 2432 847 2490; x_wconf 84' lang='lat' dir='ltr'>venditatio</span> <span class='ocrx_word' id='word_1_164' title='bbox 884 2431 1163 2507; x_wconf 86' lang='lat' dir='ltr'>quaedam</span> <span class='ocrx_word' id='word_1_165' title='bbox 1199 2437 1385 2508; x_wconf 84' lang='lat' dir='ltr'>atque</span> <span class='ocrx_word' id='word_1_166' title='bbox 1422 2435 1751 2492; x_wconf 81' lang='lat' dir='ltr'>ostentatio</span> <span class='ocrx_word' id='word_1_167' title='bbox 1788 2454 1915 2495; x_wconf 84' lang='lat' dir='ltr'>esse</span> <span class='ocrx_word' id='word_1_168' title='bbox 1951 2435 2079 2491; x_wconf 90' lang='lat' dir='ltr'>dici-</span> 
     </span>
     <span class='ocr_line' id='line_1_23' title="bbox 208 2526 2079 2606; baseline 0.002 -23"><span class='ocrx_word' id='word_1_169' title='bbox 208 2532 331 2585; x_wconf 89' lang='lat' dir='ltr'>tur.</span> <span class='ocrx_word' id='word_1_170' title='bbox 411 2527 599 2585; x_wconf 89' lang='lat' dir='ltr'>Multi</span> <span class='ocrx_word' id='word_1_171' title='bbox 651 2527 900 2585; x_wconf 85' lang='lat' dir='ltr'>divitias</span> <span class='ocrx_word' id='word_1_172' title='bbox 952 2526 1314 2603; x_wconf 85' lang='lat' dir='ltr'>despiciunt,</span> <span class='ocrx_word' id='word_1_173' title='bbox 1357 2547 1508 2603; x_wconf 89' lang='lat' dir='ltr'>quos</span> <span class='ocrx_word' id='word_1_174' title='bbox 1553 2548 1745 2606; x_wconf 83' lang='lat' dir='ltr'>parvo</span> <span class='ocrx_word' id='word_1_175' title='bbox 1782 2535 2079 2589; x_wconf 86' lang='lat' dir='ltr'>contentos</span> 
     </span>
     <span class='ocr_line' id='line_1_24' title="bbox 210 2622 2158 2701; baseline 0.002 -23"><span class='ocrx_word' id='word_1_176' title='bbox 210 2622 414 2679; x_wconf 83' lang='lat' dir='ltr'>tenuis</span> <span class='ocrx_word' id='word_1_177' title='bbox 441 2622 643 2680; x_wconf 86' lang='lat' dir='ltr'>victus</span> <span class='ocrx_word' id='word_1_178' title='bbox 669 2624 993 2700; x_wconf 79' lang='lat' dir='ltr'>cultusque</span> <span class='ocrx_word' id='word_1_179' title='bbox 1021 2622 1325 2694; x_wconf 81' lang='lat' dir='ltr'>delectat3</span> <span class='ocrx_word' id='word_1_180' title='bbox 1367 2623 1625 2682; x_wconf 89' lang='lat' dir='ltr'>honores</span> <span class='ocrx_word' id='word_1_181' title='bbox 1653 2644 1819 2696; x_wconf 84' lang='lat' dir='ltr'>vere,</span> <span class='ocrx_word' id='word_1_182' title='bbox 1840 2645 2079 2701; x_wconf 86' lang='lat' dir='ltr'>quorum</span> <span class='ocrx_word' id='word_1_183' title='bbox 2156 2646 2158 2681; x_wconf 86' lang='lat'>!</span> 
     </span>
     <span class='ocr_line' id='line_1_25' title="bbox 210 2704 2158 2795; baseline 0.001 -20"><span class='ocrx_word' id='word_1_184' title='bbox 210 2716 551 2793; x_wconf 82' lang='lat' dir='ltr'>cupiditate</span> <span class='ocrx_word' id='word_1_185' title='bbox 591 2718 842 2792; x_wconf 87' lang='lat' dir='ltr'>quidam</span> <span class='ocrx_word' id='word_1_186' title='bbox 878 2718 1355 2789; x_wconf 84' lang='lat' dir='ltr'>inflammantur,</span> <span class='ocrx_word' id='word_1_187' title='bbox 1397 2738 1581 2795; x_wconf 89' lang='lat' dir='ltr'>quam</span> <span class='ocrx_word' id='word_1_188' title='bbox 1620 2719 1805 2776; x_wconf 87' lang='lat' dir='ltr'>multi</span> <span class='ocrx_word' id='word_1_189' title='bbox 1836 2720 1923 2777; x_wconf 89' lang='lat' dir='ltr'>ita</span> <span class='ocrx_word' id='word_1_190' title='bbox 1958 2740 2077 2779; x_wconf 90' lang='lat' dir='ltr'>con·</span> <span class='ocrx_word' id='word_1_191' title='bbox 2156 2704 2158 2713; x_wconf 22' lang='grc' dir='ltr'><strong>ἶ</strong></span> 
     </span>
     <span class='ocr_line' id='line_1_26' title="bbox 209 2813 2078 2884; baseline 0.002 -15"><span class='ocrx_word' id='word_1_192' title='bbox 209 2816 518 2883; x_wconf 88' lang='lat' dir='ltr'>temnunt,</span> <span class='ocrx_word' id='word_1_193' title='bbox 574 2816 646 2869; x_wconf 88' lang='lat' dir='ltr'>ut</span> <span class='ocrx_word' id='word_1_194' title='bbox 699 2813 849 2870; x_wconf 86' lang='lat' dir='ltr'>nihil</span> <span class='ocrx_word' id='word_1_195' title='bbox 909 2813 1173 2884; x_wconf 89' lang='lat' dir='ltr'>inanius,</span> <span class='ocrx_word' id='word_1_196' title='bbox 1230 2814 1382 2870; x_wconf 90' lang='lat' dir='ltr'>nihil</span> <span class='ocrx_word' id='word_1_197' title='bbox 1446 2833 1576 2871; x_wconf 88' lang='lat' dir='ltr'>esse</span> <span class='ocrx_word' id='word_1_198' title='bbox 1634 2814 1832 2873; x_wconf 87' lang='lat' dir='ltr'>levius</span> <span class='ocrx_word' id='word_1_199' title='bbox 1898 2817 2078 2873; x_wconf 78' lang='lat' dir='ltr'>existi-</span> 
     </span>
     <span class='ocr_line' id='line_1_27' title="bbox 209 2906 2079 2986; baseline 0.003 -23"><span class='ocrx_word' id='word_1_200' title='bbox 209 2906 415 2964; x_wconf 85' lang='lat' dir='ltr'>ment!</span> <span class='ocrx_word' id='word_1_201' title='bbox 501 2908 782 2983; x_wconf 88' lang='lat' dir='ltr'>Itemque</span> <span class='ocrx_word' id='word_1_202' title='bbox 826 2914 1053 2979; x_wconf 84' lang='lat' dir='ltr'>cetera,</span> <span class='ocrx_word' id='word_1_203' title='bbox 1108 2929 1244 2985; x_wconf 83' lang='lat' dir='ltr'>quae</span> <span class='ocrx_word' id='word_1_204' title='bbox 1299 2909 1669 2986; x_wconf 89' lang='lat' dir='ltr'>quibusdam</span> <span class='ocrx_word' id='word_1_205' title='bbox 1724 2911 2079 2970; x_wconf 84' lang='lat' dir='ltr'>admirabilia</span> 
     </span>
     <span class='ocr_line' id='line_1_28' title="bbox 211 3003 2079 3084; baseline 0.002 -22"><span class='ocrx_word' id='word_1_206' title='bbox 211 3003 518 3074; x_wconf 81' lang='lat' dir='ltr'>videntur,</span> <span class='ocrx_word' id='word_1_207' title='bbox 562 3005 856 3080; x_wconf 88' lang='lat' dir='ltr'>permulti</span> <span class='ocrx_word' id='word_1_208' title='bbox 910 3009 1075 3075; x_wconf 87' lang='lat' dir='ltr'>sunt,</span> <span class='ocrx_word' id='word_1_209' title='bbox 1120 3005 1228 3080; x_wconf 90' lang='lat' dir='ltr'>qui</span> <span class='ocrx_word' id='word_1_210' title='bbox 1280 3024 1392 3082; x_wconf 92' lang='lat' dir='ltr'>pro</span> <span class='ocrx_word' id='word_1_211' title='bbox 1444 3006 1638 3063; x_wconf 89' lang='lat' dir='ltr'>nihilo</span> <span class='ocrx_word' id='word_1_212' title='bbox 1691 3012 1925 3084; x_wconf 87' lang='lat' dir='ltr'>putent.</span> <span class='ocrx_word' id='word_1_213' title='bbox 2002 3008 2079 3065; x_wconf 85' lang='lat' dir='ltr'>De</span> 
     </span>
     <span class='ocr_line' id='line_1_29' title="bbox 213 3098 2082 3180; baseline 0.004 -25"><span class='ocrx_word' id='word_1_214' title='bbox 213 3098 491 3156; x_wconf 86' lang='lat' dir='ltr'>amicitia</span> <span class='ocrx_word' id='word_1_215' title='bbox 539 3119 746 3157; x_wconf 87' lang='lat' dir='ltr'>omncs</span> <span class='ocrx_word' id='word_1_216' title='bbox 792 3100 870 3157; x_wconf 87' lang='lat' dir='ltr'>ad</span> <span class='ocrx_word' id='word_1_217' title='bbox 913 3119 1105 3157; x_wconf 89' lang='lat' dir='ltr'>unum</span> <span class='ocrx_word' id='word_1_218' title='bbox 1141 3100 1304 3157; x_wconf 90' lang='lat' dir='ltr'>idem</span> <span class='ocrx_word' id='word_1_219' title='bbox 1342 3102 1640 3171; x_wconf 88' lang='lat' dir='ltr'>sentiunt,</span> <span class='ocrx_word' id='word_1_220' title='bbox 1681 3109 1745 3160; x_wconf 86' lang='lat' dir='ltr'>et</span> <span class='ocrx_word' id='word_1_221' title='bbox 1784 3104 1845 3173; x_wconf 94' lang='lat' dir='ltr'>ii,</span> <span class='ocrx_word' id='word_1_222' title='bbox 1886 3105 1983 3180; x_wconf 88' lang='lat' dir='ltr'>qui</span> <span class='ocrx_word' id='word_1_223' title='bbox 2016 3104 2082 3163; x_wconf 83' lang='lat' dir='ltr'>ad</span> 
     </span>
    </p>
   </div>
   <div class='ocr_carea' id='block_1_4' title="bbox 2102 0 2160 3503">
    <p class='ocr_par' dir='ltr' id='par_1_5' title="bbox 2102 0 2160 3503">
     <span class='ocr_line' id='line_1_30' title="bbox 2102 0 2160 3503; baseline 0 0"><span class='ocrx_word' id='word_1_224' title='bbox 2102 0 2160 3503; x_wconf 95' lang='lat' dir='ltr'> </span> 
     </span>
    </p>
   </div>
  </div>
 </body>
</html>
