2160 3532
195 297 271 351 46
635 299 742 353 DE
791 298 1182 355 AMICITIA
1229 298 1663 355 DIALOGUS.

200 470 524 530 amicitiae:
567 491 721 548 quas
760 472 858 530 vel
899 472 1188 543 adducas,
1219 492 1413 549 quum
1458 473 1627 542 velie,
1656 472 1759 530 vel
1798 472 2099 529 remittas.

204 564 406 643 Caput
433 568 596 625 enim
623 588 756 627 esse
795 568 876 626 ad
914 569 1098 627 beate
1139 568 1475 627 vivendum
1502 568 1943 639 securitatem3
1984 586 2102 643 qua

201 663 328 720 frui
353 683 476 721 non
503 665 698 740 possit
723 664 984 737 animus,
1012 665 1067 723 si
1094 669 1415 741 tamquam
1461 663 1777 741 parturiat
1804 682 1968 720 unus
1994 682 2101 739 pro

202 758 504 835 pluribus.
584 759 757 818 Alios
799 766 1012 818 autem
1063 761 1265 819 dicere
1310 760 1488 819 aiunt
1529 760 1727 817 multo
1776 760 1973 817 etiam
2012 760 2100 816 in·

202 854 548 926 humanius,
603 855 817 934 (quem
884 857 1089 915 locum
1141 856 1419 915 breviter
1484 855 1825 933 perstrinxi
1892 855 2100 931 paullo

203 954 348 1008 ante
370 949 420 1025 ε)
453 950 721 1027 praesidii
748 951 1216 1028 adjumentique
1251 970 1453 1021 causa,
1492 970 1616 1008 non
1659 950 2101 1008 benevolentiae

201 1065 398 1121 neque
445 1046 739 1116 caritatis,
769 1046 1072 1105 amicitias
1114 1066 1242 1104 esse
1284 1046 1675 1121 expetendas.
1757 1044 2003 1121 Itaque,
2030 1050 2101 1101 ut

203 1142 461 1217 quisque
537 1142 862 1199 minimum
945 1142 1263 1200 firmitatis
1345 1140 1572 1199 habeat
1653 1140 2099 1217 minimumque
2140 1120 2142 1213 ᾗ

202 1238 450 1307 virium,
477 1238 570 1296 ita
615 1238 918 1296 amicitias
961 1244 1251 1315 appetem
1294 1237 1581 1295 maxime.
1683 1236 1781 1293 Ex
1826 1256 1899 1294 eo
1927 1236 2099 1305 -fieri‚

205 1338 276 1391 ut
320 1332 697 1391 mulierculae
741 1330 937 1412 m'a'gis
982 1334 1401 1392 amicitiarum
1461 1332 1747 1409 praesidia
1796 1337 2098 1408 quaerant,

202 1448 390 1504 quam
415 1428 554 1497 viri,
577 1432 640 1487 et
666 1429 895 1505 inopes,
917 1449 1106 1505 quam
1133 1428 1408 1505 opulenti
1436 1432 1502 1485 et
1528 1428 1885 1499 calamitosi,
1912 1448 2099 1505 quam

202 1524 389 1582 beati.
514 1523 568 1583 O
623 1525 985 1601 praeclaram
1051 1522 1451 1602 sapientiam!
1564 1523 1767 1582 Solem
1835 1524 2003 1581 enim
2068 1543 2099 1581 e

202 1621 430 1679 mundo
458 1620 674 1677 tollere
716 1620 1026 1691 videntur,
1054 1622 1164 1697 qui
1203 1620 1541 1679 amicitiam
1580 1639 1614 1677 e
1652 1620 1785 1676 vita
1824 1619 2095 1677 tollunt:

203 1736 326 1794 qua
368 1716 526 1775 nihil
567 1735 605 1774 a
647 1716 764 1775 diis
812 1717 1263 1776 immortalibus
1310 1716 1531 1775 melius
1575 1715 1889 1788 habemus,
1940 1716 2097 1774 nihil
2138 1742 2140 1798 ᾗ

201 1813 550 1891 jucundius.
658 1811 810 1886 Quae
863 1818 958 1872 est
1011 1813 1179 1872 enim
1231 1813 1354 1871 ista
1417 1813 1719 1871 securitas
1743 1811 1772 1870 P
1884 1811 2097 1888 Specie

201 1908 451 1986 quidem
501 1908 750 1978 blanda,
805 1908 912 1967 sed
965 1927 1180 1985 reapse
1233 1907 1447 1964 multis
1500 1906 1649 1964 locis
1700 1907 2094 1983 repudianda.

202 2004 418 2080 Neque
461 2003 624 2060 enim
671 2007 766 2060 est
820 2008 1319 2073 consentaneum,
1364 2002 1559 2060 ullam
1603 2001 1925 2060 honestam
1970 2023 2095 2060 rem

201 2100 600 2170 actionemve,
648 2118 726 2156 ne
787 2099 1090 2158 sollicitus
1144 2099 1247 2168 siS,
1303 2102 1412 2156 aut
1465 2117 1587 2154 non
1628 2097 1937 2174 suscipere
1995 2103 2097 2156 aut

201 2199 547 2272 susceptam
576 2185 898 2271 deponere.
983 2193 1164 2267 Quod
1204 2194 1258 2252 si
1304 2213 1516 2253 curam
1560 2192 1850 2269 fugimus,
1899 2194 2096 2250 virtus

200 2291 496 2368 fugienda
547 2294 659 2360 est,
704 2309 840 2366 quae
895 2309 1141 2348 necesse
1194 2293 1291 2348 est
1344 2308 1487 2347 cum
1540 2289 1749 2366 aliqua
1798 2308 1953 2347 cura
2008 2309 2096 2347 res

201 2387 317 2444 sibi
360 2385 699 2444 contrarias
766 2390 1134 2462 aspernetur
1178 2390 1366 2461 atque
1419 2383 1660 2454 oderit;
1728 2388 1803 2442 ut
1855 2385 2096 2443 bonitas

202 2484 520 2553 malitiam,
575 2482 986 2560 temperantia
1030 2482 1367 2553 libidinem,
1411 2481 1725 2560 ignaviam
1777 2480 2095 2539 fortitudo.

203 2577 424 2657 Itaque
475 2578 683 2636 videas
746 2580 930 2637 rebus
982 2578 1237 2656 injustis
1288 2579 1487 2656 justos
1540 2577 1806 2634 maxime
1872 2577 2095 2646 dolere,

203 2675 549 2734 imbellibus
577 2675 791 2744 fortes,
819 2674 1139 2751 flagitiosis
1180 2675 1506 2732 modestos.
1588 2673 1754 2749 Ergo
1801 2673 1918 2731 hoc
1967 2694 2095 2751 pro-

204 2771 404 2847 prium
433 2775 525 2829 est
562 2770 754 2828 animi
781 2769 933 2826 bene
971 2769 1317 2839 constituti,
1356 2773 1420 2826 et
1458 2769 1658 2827 laetari
1697 2768 1872 2826 bonis
1914 2771 2095 2827 rebus
2134 2801 2136 2852 ἦ

202 2870 267 2923 et
295 2865 496 2923 dolere
525 2864 867 2922 contrariis.
951 2863 1364 2936 Quamobrem
1392 2862 1445 2921 si
1471 2863 1638 2920 cadit
1664 2862 1732 2919 in
1758 2863 2097 2940 sapientem
2135 2859 2136 2866 '

201 2963 392 3022 animi
445 2963 646 3033 dolor;
695 2963 832 3039 (qui
871 2964 1151 3040 profecto
1200 2963 1383 3034 cadit,
1432 2963 1553 3020 nisi
1598 2981 1675 3020 ex
1718 2963 1852 3040 ejus
1896 2964 2097 3021 animo

202 3060 608 3136 exstirpatam
635 3058 1091 3117 humanitatem
1124 3059 1503 3117 arbitramur
1526 3057 1575 3133 ε)
1610 3077 1745 3134 quae
1773 3078 1963 3118 causa
1994 3063 2094 3125 est,

203 3174 316 3213 cur
368 3155 702 3214 amicitiam
757 3155 1044 3213 funditus
1096 3155 1389 3214 tollamus
1442 3139 1477 3211 e
1531 3155 1675 3222 vita,
1730 3173 1809 3212 ne
1862 3155 2095 3232 aliquas
2132 3211 2134 3218 ,
